[
  {
    "symbol": "BTC-USD-PERP",
    "price": 51885.28368614405,
    "size": 0.004820539956302047,
    "side": "buy",
    "timestamp": 1748035571889,
    "synthetic": true
  },
  {
    "symbol": "BTC-USD-PERP",
    "price": 51895.24421968117,
    "size": 0.09320865814589285,
    "side": "buy",
    "timestamp": 1748035572089,
    "synthetic": true
  },
  {
    "symbol": "BTC-USD-PERP",
    "price": 51899.21827182932,
    "size": 0.2822491080613119,
    "side": "buy",
    "timestamp": 1748035572289,
    "synthetic": true
  },
  {
    "symbol": "BTC-USD-PERP",
    "price": 51902.16089696552,
    "size": 0.18010438243328217,
    "side": "sell",
    "timestamp": 1748035572489,
    "synthetic": true
  },
  {
    "symbol": "BTC-USD-PERP",
    "price": 51896.76771964143,
    "size": 0.3355425128445708,
    "side": "buy",
    "timestamp": 1748035572689,
    "synthetic": true
  },
  {
    "symbol": "BTC-USD-PERP",
    "price": 51900.78189206073,
    "size": 0.012474541419648275,
    "side": "sell",
    "timestamp": 1748035572889,
    "synthetic": true
  },
  {
    "symbol": "BTC-USD-PERP",
    "price": 51892.05253894816,
    "size": 0.058644916793698,
    "side": "buy",
    "timestamp": 1748035573089,
    "synthetic": true
  },
  {
    "symbol": "BTC-USD-PERP",
    "price": 51899.329577484765,
    "size": 0.08665380534027312,
    "side": "sell",
    "timestamp": 1748035573289,
    "synthetic": true
  },
  {
    "symbol": "BTC-USD-PERP",
    "price": 51895.4378881648,
    "size": 0.2130331453693246,
    "side": "sell",
    "timestamp": 1748035573489,
    "synthetic": true
  },
  {
    "symbol": "BTC-USD-PERP",
    "price": 51896.94828369261,
    "size": 0.05367132912953433,
    "side": "sell",
    "timestamp": 1748035573689,
    "synthetic": true
  },
  {
    "symbol": "BTC-USD-PERP",
    "price": 51893.89714001721,
    "size": 0.09337996696107309,
    "side": "buy",
    "timestamp": 1748035573889,
    "synthetic": true
  },
  {
    "symbol": "BTC-USD-PERP",
    "price": 51889.301640151985,
    "size": 0.10269452127100248,
    "side": "buy",
    "timestamp": 1748035574089,
    "synthetic": true
  },
  {
    "symbol": "BTC-USD-PERP",
    "price": 51884.63920244922,
    "size": 0.007081575758966729,
    "side": "sell",
    "timestamp": 1748035574289,
    "synthetic": true
  },
  {
    "symbol": "BTC-USD-PERP",
    "price": 51879.37561643173,
    "size": 0.0874881364133141,
    "side": "buy",
    "timestamp": 1748035574489,
    "synthetic": true
  },
  {
    "symbol": "BTC-USD-PERP",
    "price": 51891.367736899825,
    "size": 0.1981764287438746,
    "side": "buy",
    "timestamp": 1748035574689,
    "synthetic": true
  },
  {
    "symbol": "BTC-USD-PERP",
    "price": 51898.41427346023,
    "size": 0.009201320634702345,
    "side": "buy",
    "timestamp": 1748035574889,
    "synthetic": true
  },
  {
    "symbol": "BTC-USD-PERP",
    "price": 51893.59663983803,
    "size": 0.11411102830151294,
    "side": "buy",
    "timestamp": 1748035575089,
    "synthetic": true
  },
  {
    "symbol": "BTC-USD-PERP",
    "price": 51894.176986036204,
    "size": 0.2358800087081986,
    "side": "buy",
    "timestamp": 1748035575289,
    "synthetic": true
  },
  {
    "symbol": "BTC-USD-PERP",
    "price": 51889.77696006096,
    "size": 0.1005962993161669,
    "side": "sell",
    "timestamp": 1748035575489,
    "synthetic": true
  },
  {
    "symbol": "BTC-USD-PERP",
    "price": 51890.029051341764,
    "size": 0.20965247634516856,
    "side": "buy",
    "timestamp": 1748035575689,
    "synthetic": true
  },
  {
    "symbol": "BTC-USD-PERP",
    "price": 51891.10835123465,
    "size": 0.07518988324648539,
    "side": "sell",
    "timestamp": 1748035575889,
    "synthetic": true
  },
  {
    "symbol": "BTC-USD-PERP",
    "price": 51887.57933303577,
    "size": 0.22237759581049044,
    "side": "buy",
    "timestamp": 1748035576089,
    "synthetic": true
  },
  {
    "symbol": "BTC-USD-PERP",
    "price": 51895.40332791736,
    "size": 0.015864788944297378,
    "side": "sell",
    "timestamp": 1748035576289,
    "synthetic": true
  },
  {
    "symbol": "BTC-USD-PERP",
    "price": 51889.86458457295,
    "size": 0.008045323032193972,
    "side": "sell",
    "timestamp": 1748035576489,
    "synthetic": true
  },
  {
    "symbol": "BTC-USD-PERP",
    "price": 51885.523949819995,
    "size": 0.18690634036947718,
    "side": "sell",
    "timestamp": 1748035576689,
    "synthetic": true
  },
  {
    "symbol": "BTC-USD-PERP",
    "price": 51902.16300676381,
    "size": 0.013227109954693473,
    "side": "sell",
    "timestamp": 1748035576889,
    "synthetic": true
  },
  {
    "symbol": "BTC-USD-PERP",
    "price": 51896.60232476411,
    "size": 0.20615520875821047,
    "side": "sell",
    "timestamp": 1748035577089,
    "synthetic": true
  },
  {
    "symbol": "BTC-USD-PERP",
    "price": 51897.76994967041,
    "size": 0.15710432134872762,
    "side": "buy",
    "timestamp": 1748035577289,
    "synthetic": true
  },
  {
    "symbol": "BTC-USD-PERP",
    "price": 51889.9170963009,
    "size": 0.06799681413909199,
    "side": "sell",
    "timestamp": 1748035577489,
    "synthetic": true
  },
  {
    "symbol": "BTC-USD-PERP",
    "price": 51894.13064916882,
    "size": 0.099147744594835,
    "side": "buy",
    "timestamp": 1748035577689,
    "synthetic": true
  },
  {
    "symbol": "BTC-USD-PERP",
    "price": 51891.876782227584,
    "size": 0.16910969940935294,
    "side": "buy",
    "timestamp": 1748035577889,
    "synthetic": true
  },
  {
    "symbol": "BTC-USD-PERP",
    "price": 51895.55649833509,
    "size": 0.008428543365762946,
    "side": "sell",
    "timestamp": 1748035578089,
    "synthetic": true
  },
  {
    "symbol": "BTC-USD-PERP",
    "price": 51891.274710001824,
    "size": 0.051238812165352865,
    "side": "sell",
    "timestamp": 1748035578289,
    "synthetic": true
  },
  {
    "symbol": "BTC-USD-PERP",
    "price": 51881.0439573375,
    "size": 0.12839850159275168,
    "side": "sell",
    "timestamp": 1748035578489,
    "synthetic": true
  },
  {
    "symbol": "BTC-USD-PERP",
    "price": 51881.4834022552,
    "size": 0.03404346614044108,
    "side": "buy",
    "timestamp": 1748035578689,
    "synthetic": true
  },
  {
    "symbol": "BTC-USD-PERP",
    "price": 51878.12424724846,
    "size": 0.8321196906236621,
    "side": "buy",
    "timestamp": 1748035578889,
    "synthetic": true
  },
  {
    "symbol": "BTC-USD-PERP",
    "price": 51874.06957943342,
    "size": 0.1532118156085352,
    "side": "buy",
    "timestamp": 1748035579089,
    "synthetic": true
  },
  {
    "symbol": "BTC-USD-PERP",
    "price": 51870.488116609304,
    "size": 0.1366688158071425,
    "side": "sell",
    "timestamp": 1748035579289,
    "synthetic": true
  },
  {
    "symbol": "BTC-USD-PERP",
    "price": 51868.80462689226,
    "size": 0.005990825382027813,
    "side": "buy",
    "timestamp": 1748035579489,
    "synthetic": true
  },
  {
    "symbol": "BTC-USD-PERP",
    "price": 51874.10985839135,
    "size": 0.18797401669947605,
    "side": "buy",
    "timestamp": 1748035579689,
    "synthetic": true
  },
  {
    "symbol": "BTC-USD-PERP",
    "price": 51878.46744724802,
    "size": 0.06247186893883967,
    "side": "sell",
    "timestamp": 1748035579889,
    "synthetic": true
  },
  {
    "symbol": "BTC-USD-PERP",
    "price": 51877.314857862744,
    "size": 0.11856309088947661,
    "side": "buy",
    "timestamp": 1748035580089,
    "synthetic": true
  },
  {
    "symbol": "BTC-USD-PERP",
    "price": 51870.959636237916,
    "size": 0.05899404811056807,
    "side": "buy",
    "timestamp": 1748035580289,
    "synthetic": true
  },
  {
    "symbol": "BTC-USD-PERP",
    "price": 51865.630250291244,
    "size": 0.04350356231414379,
    "side": "buy",
    "timestamp": 1748035580489,
    "synthetic": true
  },
  {
    "symbol": "BTC-USD-PERP",
    "price": 51858.81717227981,
    "size": 0.19034157185275447,
    "side": "buy",
    "timestamp": 1748035580689,
    "synthetic": true
  },
  {
    "symbol": "BTC-USD-PERP",
    "price": 51862.845609117554,
    "size": 0.13524872142620706,
    "side": "buy",
    "timestamp": 1748035580889,
    "synthetic": true
  },
  {
    "symbol": "BTC-USD-PERP",
    "price": 51852.404993591175,
    "size": 0.030415348087607492,
    "side": "sell",
    "timestamp": 1748035581089,
    "synthetic": true
  },
  {
    "symbol": "BTC-USD-PERP",
    "price": 51853.244573234566,
    "size": 0.04029558335508352,
    "side": "sell",
    "timestamp": 1748035581289,
    "synthetic": true
  },
  {
    "symbol": "BTC-USD-PERP",
    "price": 51863.37866235681,
    "size": 0.08073818590472634,
    "side": "sell",
    "timestamp": 1748035581489,
    "synthetic": true
  },
  {
    "symbol": "BTC-USD-PERP",
    "price": 51865.197646805325,
    "size": 0.4556534746000387,
    "side": "buy",
    "timestamp": 1748035581689,
    "synthetic": true
  },
  {
    "symbol": "BTC-USD-PERP",
    "price": 51862.876777025514,
    "size": 0.0510245472781633,
    "side": "sell",
    "timestamp": 1748035581889,
    "synthetic": true
  },
  {
    "symbol": "BTC-USD-PERP",
    "price": 51866.53306390919,
    "size": 0.2905623757110196,
    "side": "buy",
    "timestamp": 1748035582089,
    "synthetic": true
  },
  {
    "symbol": "BTC-USD-PERP",
    "price": 51863.97316325938,
    "size": 0.07879511583417376,
    "side": "sell",
    "timestamp": 1748035582289,
    "synthetic": true
  },
  {
    "symbol": "BTC-USD-PERP",
    "price": 51863.60753836455,
    "size": 0.24407550930212907,
    "side": "sell",
    "timestamp": 1748035582489,
    "synthetic": true
  },
  {
    "symbol": "BTC-USD-PERP",
    "price": 51865.651916097355,
    "size": 0.039623067297598215,
    "side": "buy",
    "timestamp": 1748035582689,
    "synthetic": true
  },
  {
    "symbol": "BTC-USD-PERP",
    "price": 51862.16429506809,
    "size": 0.030678748601464807,
    "side": "sell",
    "timestamp": 1748035582889,
    "synthetic": true
  },
  {
    "symbol": "BTC-USD-PERP",
    "price": 51861.30680434968,
    "size": 0.21192447669624492,
    "side": "sell",
    "timestamp": 1748035583089,
    "synthetic": true
  },
  {
    "symbol": "BTC-USD-PERP",
    "price": 51857.880482189204,
    "size": 0.012829577127635293,
    "side": "sell",
    "timestamp": 1748035583289,
    "synthetic": true
  },
  {
    "symbol": "BTC-USD-PERP",
    "price": 51865.291751861856,
    "size": 0.033103179160989135,
    "side": "sell",
    "timestamp": 1748035583489,
    "synthetic": true
  },
  {
    "symbol": "BTC-USD-PERP",
    "price": 51864.61891483723,
    "size": 0.25474000303797134,
    "side": "sell",
    "timestamp": 1748035583689,
    "synthetic": true
  },
  {
    "symbol": "BTC-USD-PERP",
    "price": 51863.390201334674,
    "size": 0.14017000650215572,
    "side": "buy",
    "timestamp": 1748035583889,
    "synthetic": true
  },
  {
    "symbol": "BTC-USD-PERP",
    "price": 51859.573120591,
    "size": 0.020651742069776876,
    "side": "sell",
    "timestamp": 1748035584089,
    "synthetic": true
  },
  {
    "symbol": "BTC-USD-PERP",
    "price": 51858.77105494311,
    "size": 0.1487828032407986,
    "side": "sell",
    "timestamp": 1748035584289,
    "synthetic": true
  },
  {
    "symbol": "BTC-USD-PERP",
    "price": 51871.529366364346,
    "size": 0.04171976124681822,
    "side": "sell",
    "timestamp": 1748035584489,
    "synthetic": true
  },
  {
    "symbol": "BTC-USD-PERP",
    "price": 51875.66899185692,
    "size": 0.010790799143623573,
    "side": "buy",
    "timestamp": 1748035584689,
    "synthetic": true
  },
  {
    "symbol": "BTC-USD-PERP",
    "price": 51878.68250757007,
    "size": 0.08322577113284244,
    "side": "sell",
    "timestamp": 1748035584889,
    "synthetic": true
  },
  {
    "symbol": "BTC-USD-PERP",
    "price": 51876.438164476436,
    "size": 0.09033778980071282,
    "side": "sell",
    "timestamp": 1748035585089,
    "synthetic": true
  },
  {
    "symbol": "BTC-USD-PERP",
    "price": 51881.83708717587,
    "size": 0.07086559354585358,
    "side": "buy",
    "timestamp": 1748035585289,
    "synthetic": true
  },
  {
    "symbol": "BTC-USD-PERP",
    "price": 51886.749927027726,
    "size": 0.14585209760231505,
    "side": "buy",
    "timestamp": 1748035585489,
    "synthetic": true
  },
  {
    "symbol": "BTC-USD-PERP",
    "price": 51888.51112795443,
    "size": 0.10337544063287703,
    "side": "buy",
    "timestamp": 1748035585689,
    "synthetic": true
  },
  {
    "symbol": "BTC-USD-PERP",
    "price": 51893.11354170962,
    "size": 0.04116188096900539,
    "side": "sell",
    "timestamp": 1748035585889,
    "synthetic": true
  },
  {
    "symbol": "BTC-USD-PERP",
    "price": 51897.42374385623,
    "size": 0.2078025525475694,
    "side": "buy",
    "timestamp": 1748035586089,
    "synthetic": true
  },
  {
    "symbol": "BTC-USD-PERP",
    "price": 51889.53852392349,
    "size": 0.0379465705150114,
    "side": "buy",
    "timestamp": 1748035586289,
    "synthetic": true
  },
  {
    "symbol": "BTC-USD-PERP",
    "price": 51891.091384811734,
    "size": 0.07706738686845976,
    "side": "buy",
    "timestamp": 1748035586489,
    "synthetic": true
  },
  {
    "symbol": "BTC-USD-PERP",
    "price": 51892.88959083026,
    "size": 0.08559449096706842,
    "side": "buy",
    "timestamp": 1748035586689,
    "synthetic": true
  },
  {
    "symbol": "BTC-USD-PERP",
    "price": 51883.02876867806,
    "size": 0.04880955324561008,
    "side": "sell",
    "timestamp": 1748035586889,
    "synthetic": true
  },
  {
    "symbol": "BTC-USD-PERP",
    "price": 51871.612799299204,
    "size": 0.11392140262751288,
    "side": "buy",
    "timestamp": 1748035587089,
    "synthetic": true
  },
  {
    "symbol": "BTC-USD-PERP",
    "price": 51862.70927582685,
    "size": 0.008798028727831165,
    "side": "buy",
    "timestamp": 1748035587289,
    "synthetic": true
  },
  {
    "symbol": "BTC-USD-PERP",
    "price": 51857.90044178596,
    "size": 0.16787173855247212,
    "side": "sell",
    "timestamp": 1748035587489,
    "synthetic": true
  },
  {
    "symbol": "BTC-USD-PERP",
    "price": 51859.05987663146,
    "size": 0.06852156164076102,
    "side": "sell",
    "timestamp": 1748035587689,
    "synthetic": true
  },
  {
    "symbol": "BTC-USD-PERP",
    "price": 51857.450962237235,
    "size": 0.0809733696661426,
    "side": "sell",
    "timestamp": 1748035587889,
    "synthetic": true
  },
  {
    "symbol": "BTC-USD-PERP",
    "price": 51857.15358040331,
    "size": 0.08811938892611698,
    "side": "buy",
    "timestamp": 1748035588089,
    "synthetic": true
  },
  {
    "symbol": "BTC-USD-PERP",
    "price": 51852.86791478804,
    "size": 0.042692389170049756,
    "side": "buy",
    "timestamp": 1748035588289,
    "synthetic": true
  },
  {
    "symbol": "BTC-USD-PERP",
    "price": 51850.46644518048,
    "size": 0.1360819729065684,
    "side": "sell",
    "timestamp": 1748035588489,
    "synthetic": true
  },
  {
    "symbol": "BTC-USD-PERP",
    "price": 51853.54950012797,
    "size": 0.2246002693019527,
    "side": "buy",
    "timestamp": 1748035588689,
    "synthetic": true
  },
  {
    "symbol": "BTC-USD-PERP",
    "price": 51853.04955090443,
    "size": 0.060441377690363056,
    "side": "buy",
    "timestamp": 1748035588889,
    "synthetic": true
  },
  {
    "symbol": "BTC-USD-PERP",
    "price": 51846.766325722936,
    "size": 0.012639150700664185,
    "side": "sell",
    "timestamp": 1748035589089,
    "synthetic": true
  },
  {
    "symbol": "BTC-USD-PERP",
    "price": 51849.24568485936,
    "size": 0.03225542163914473,
    "side": "buy",
    "timestamp": 1748035589289,
    "synthetic": true
  },
  {
    "symbol": "BTC-USD-PERP",
    "price": 51852.886530760974,
    "size": 0.0067793767053066474,
    "side": "buy",
    "timestamp": 1748035589489,
    "synthetic": true
  },
  {
    "symbol": "BTC-USD-PERP",
    "price": 51850.91434103682,
    "size": 0.19347046028590903,
    "side": "sell",
    "timestamp": 1748035589689,
    "synthetic": true
  },
  {
    "symbol": "BTC-USD-PERP",
    "price": 51849.87732531738,
    "size": 0.13594013349282683,
    "side": "buy",
    "timestamp": 1748035589889,
    "synthetic": true
  },
  {
    "symbol": "BTC-USD-PERP",
    "price": 51861.35334337886,
    "size": 0.018953278569312282,
    "side": "buy",
    "timestamp": 1748035590089,
    "synthetic": true
  },
  {
    "symbol": "BTC-USD-PERP",
    "price": 51862.512310949045,
    "size": 0.06613741234986625,
    "side": "sell",
    "timestamp": 1748035590289,
    "synthetic": true
  },
  {
    "symbol": "BTC-USD-PERP",
    "price": 51868.23112303884,
    "size": 0.008740095322749691,
    "side": "buy",
    "timestamp": 1748035590489,
    "synthetic": true
  },
  {
    "symbol": "BTC-USD-PERP",
    "price": 51869.856868511866,
    "size": 0.031568767187760687,
    "side": "sell",
    "timestamp": 1748035590689,
    "synthetic": true
  },
  {
    "symbol": "BTC-USD-PERP",
    "price": 51866.92820860217,
    "size": 0.2642346236179076,
    "side": "sell",
    "timestamp": 1748035590889,
    "synthetic": true
  },
  {
    "symbol": "BTC-USD-PERP",
    "price": 51869.52283241099,
    "size": 0.33012066916534577,
    "side": "buy",
    "timestamp": 1748035591089,
    "synthetic": true
  },
  {
    "symbol": "BTC-USD-PERP",
    "price": 51873.1568124835,
    "size": 0.07754462884233083,
    "side": "sell",
    "timestamp": 1748035591289,
    "synthetic": true
  },
  {
    "symbol": "BTC-USD-PERP",
    "price": 51868.515277408995,
    "size": 0.02254258672596355,
    "side": "buy",
    "timestamp": 1748035591489,
    "synthetic": true
  },
  {
    "symbol": "BTC-USD-PERP",
    "price": 51874.11293397924,
    "size": 0.0719638189630552,
    "side": "sell",
    "timestamp": 1748035591689,
    "synthetic": true
  },
  {
    "symbol": "BTC-USD-PERP",
    "price": 51872.44120166195,
    "size": 0.13182925059558223,
    "side": "sell",
    "timestamp": 1748035591889,
    "synthetic": true
  },
  {
    "symbol": "BTC-USD-PERP",
    "price": 51872.14188422613,
    "size": 0.022137236241528038,
    "side": "sell",
    "timestamp": 1748035592089,
    "synthetic": true
  },
  {
    "symbol": "BTC-USD-PERP",
    "price": 51869.24365861386,
    "size": 0.0373558747548139,
    "side": "sell",
    "timestamp": 1748035592289,
    "synthetic": true
  },
  {
    "symbol": "BTC-USD-PERP",
    "price": 51864.90192901647,
    "size": 0.4011475451599588,
    "side": "buy",
    "timestamp": 1748035592489,
    "synthetic": true
  },
  {
    "symbol": "BTC-USD-PERP",
    "price": 51858.81261562347,
    "size": 0.3855754350847584,
    "side": "sell",
    "timestamp": 1748035592689,
    "synthetic": true
  },
  {
    "symbol": "BTC-USD-PERP",
    "price": 51862.41671665211,
    "size": 0.09637067022622389,
    "side": "sell",
    "timestamp": 1748035592889,
    "synthetic": true
  },
  {
    "symbol": "BTC-USD-PERP",
    "price": 51861.55306639924,
    "size": 0.050292495968917106,
    "side": "sell",
    "timestamp": 1748035593089,
    "synthetic": true
  },
  {
    "symbol": "BTC-USD-PERP",
    "price": 51870.059820465096,
    "size": 0.10078127199987828,
    "side": "sell",
    "timestamp": 1748035593289,
    "synthetic": true
  },
  {
    "symbol": "BTC-USD-PERP",
    "price": 51872.62927741008,
    "size": 0.11451155194190679,
    "side": "buy",
    "timestamp": 1748035593489,
    "synthetic": true
  },
  {
    "symbol": "BTC-USD-PERP",
    "price": 51866.703866640135,
    "size": 0.11012482881476396,
    "side": "sell",
    "timestamp": 1748035593689,
    "synthetic": true
  },
  {
    "symbol": "BTC-USD-PERP",
    "price": 51865.18882484584,
    "size": 0.012226148541125035,
    "side": "buy",
    "timestamp": 1748035593889,
    "synthetic": true
  },
  {
    "symbol": "BTC-USD-PERP",
    "price": 51862.00695010309,
    "size": 0.03363846758335834,
    "side": "buy",
    "timestamp": 1748035594089,
    "synthetic": true
  },
  {
    "symbol": "BTC-USD-PERP",
    "price": 51863.337274688645,
    "size": 0.04727675295888008,
    "side": "sell",
    "timestamp": 1748035594289,
    "synthetic": true
  },
  {
    "symbol": "BTC-USD-PERP",
    "price": 51864.995366652205,
    "size": 0.0909792427380061,
    "side": "buy",
    "timestamp": 1748035594489,
    "synthetic": true
  },
  {
    "symbol": "BTC-USD-PERP",
    "price": 51856.884630621746,
    "size": 0.04202611118660275,
    "side": "sell",
    "timestamp": 1748035594689,
    "synthetic": true
  },
  {
    "symbol": "BTC-USD-PERP",
    "price": 51856.85666447251,
    "size": 0.012756370479705806,
    "side": "sell",
    "timestamp": 1748035594889,
    "synthetic": true
  },
  {
    "symbol": "BTC-USD-PERP",
    "price": 51864.70605308034,
    "size": 0.036826430006198105,
    "side": "buy",
    "timestamp": 1748035595089,
    "synthetic": true
  },
  {
    "symbol": "BTC-USD-PERP",
    "price": 51860.646155958326,
    "size": 0.3504627267419702,
    "side": "buy",
    "timestamp": 1748035595289,
    "synthetic": true
  },
  {
    "symbol": "BTC-USD-PERP",
    "price": 51857.045605125735,
    "size": 0.19028625831297624,
    "side": "sell",
    "timestamp": 1748035595489,
    "synthetic": true
  },
  {
    "symbol": "BTC-USD-PERP",
    "price": 51862.62874815576,
    "size": 0.012319399163555688,
    "side": "buy",
    "timestamp": 1748035595689,
    "synthetic": true
  },
  {
    "symbol": "BTC-USD-PERP",
    "price": 51863.01906082914,
    "size": 0.2989529146405586,
    "side": "buy",
    "timestamp": 1748035595889,
    "synthetic": true
  },
  {
    "symbol": "BTC-USD-PERP",
    "price": 51861.36257685393,
    "size": 0.11942117321250795,
    "side": "sell",
    "timestamp": 1748035596089,
    "synthetic": true
  },
  {
    "symbol": "BTC-USD-PERP",
    "price": 51862.708436453955,
    "size": 0.07079054498857365,
    "side": "sell",
    "timestamp": 1748035596289,
    "synthetic": true
  },
  {
    "symbol": "BTC-USD-PERP",
    "price": 51860.1803187024,
    "size": 0.21818197826855662,
    "side": "sell",
    "timestamp": 1748035596489,
    "synthetic": true
  },
  {
    "symbol": "BTC-USD-PERP",
    "price": 51864.58755649802,
    "size": 0.061475007251796714,
    "side": "buy",
    "timestamp": 1748035596689,
    "synthetic": true
  },
  {
    "symbol": "BTC-USD-PERP",
    "price": 51869.7019273443,
    "size": 0.014727404870347557,
    "side": "buy",
    "timestamp": 1748035596889,
    "synthetic": true
  },
  {
    "symbol": "BTC-USD-PERP",
    "price": 51872.4694488102,
    "size": 0.2415952101386375,
    "side": "sell",
    "timestamp": 1748035597089,
    "synthetic": true
  },
  {
    "symbol": "BTC-USD-PERP",
    "price": 51880.997689346754,
    "size": 0.07399924539145342,
    "side": "buy",
    "timestamp": 1748035597289,
    "synthetic": true
  },
  {
    "symbol": "BTC-USD-PERP",
    "price": 51876.9886990109,
    "size": 0.04094674900198179,
    "side": "buy",
    "timestamp": 1748035597489,
    "synthetic": true
  },
  {
    "symbol": "BTC-USD-PERP",
    "price": 51878.89881185338,
    "size": 0.02267490643844043,
    "side": "buy",
    "timestamp": 1748035597689,
    "synthetic": true
  },
  {
    "symbol": "BTC-USD-PERP",
    "price": 51888.56331664931,
    "size": 0.050648657065352126,
    "side": "buy",
    "timestamp": 1748035597889,
    "synthetic": true
  },
  {
    "symbol": "BTC-USD-PERP",
    "price": 51890.0035199468,
    "size": 0.12100223566778222,
    "side": "buy",
    "timestamp": 1748035598089,
    "synthetic": true
  },
  {
    "symbol": "BTC-USD-PERP",
    "price": 51895.735197117705,
    "size": 0.36272645061722225,
    "side": "sell",
    "timestamp": 1748035598289,
    "synthetic": true
  },
  {
    "symbol": "BTC-USD-PERP",
    "price": 51897.06378143851,
    "size": 0.17784956560002424,
    "side": "sell",
    "timestamp": 1748035598489,
    "synthetic": true
  },
  {
    "symbol": "BTC-USD-PERP",
    "price": 51902.6417890225,
    "size": 0.041386683464545486,
    "side": "sell",
    "timestamp": 1748035598689,
    "synthetic": true
  },
  {
    "symbol": "BTC-USD-PERP",
    "price": 51909.351621891685,
    "size": 0.019302997178204894,
    "side": "sell",
    "timestamp": 1748035598889,
    "synthetic": true
  },
  {
    "symbol": "BTC-USD-PERP",
    "price": 51905.90284487228,
    "size": 0.007764837114079103,
    "side": "sell",
    "timestamp": 1748035599089,
    "synthetic": true
  },
  {
    "symbol": "BTC-USD-PERP",
    "price": 51900.352701645614,
    "size": 0.09444742628168946,
    "side": "buy",
    "timestamp": 1748035599289,
    "synthetic": true
  },
  {
    "symbol": "BTC-USD-PERP",
    "price": 51904.93582079724,
    "size": 0.09992504367472371,
    "side": "sell",
    "timestamp": 1748035599489,
    "synthetic": true
  },
  {
    "symbol": "BTC-USD-PERP",
    "price": 51907.74746542112,
    "size": 0.11492758166775802,
    "side": "buy",
    "timestamp": 1748035599689,
    "synthetic": true
  },
  {
    "symbol": "BTC-USD-PERP",
    "price": 51910.211705939015,
    "size": 0.14714658012201265,
    "side": "sell",
    "timestamp": 1748035599889,
    "synthetic": true
  },
  {
    "symbol": "BTC-USD-PERP",
    "price": 51909.59727086853,
    "size": 0.3816693555983943,
    "side": "sell",
    "timestamp": 1748035600089,
    "synthetic": true
  },
  {
    "symbol": "BTC-USD-PERP",
    "price": 51912.06120747749,
    "size": 0.04184684810860713,
    "side": "buy",
    "timestamp": 1748035600289,
    "synthetic": true
  },
  {
    "symbol": "BTC-USD-PERP",
    "price": 51912.585467278404,
    "size": 0.018790044327044356,
    "side": "buy",
    "timestamp": 1748035600489,
    "synthetic": true
  },
  {
    "symbol": "BTC-USD-PERP",
    "price": 51912.358403345126,
    "size": 0.03906601274254495,
    "side": "sell",
    "timestamp": 1748035600689,
    "synthetic": true
  },
  {
    "symbol": "BTC-USD-PERP",
    "price": 51909.38496980683,
    "size": 0.06266040553684095,
    "side": "sell",
    "timestamp": 1748035600889,
    "synthetic": true
  },
  {
    "symbol": "BTC-USD-PERP",
    "price": 51902.83543238973,
    "size": 0.2061949356435703,
    "side": "sell",
    "timestamp": 1748035601089,
    "synthetic": true
  },
  {
    "symbol": "BTC-USD-PERP",
    "price": 51899.55783843992,
    "size": 0.02803884936829252,
    "side": "sell",
    "timestamp": 1748035601289,
    "synthetic": true
  },
  {
    "symbol": "BTC-USD-PERP",
    "price": 51895.77719314379,
    "size": 0.2183911046789195,
    "side": "sell",
    "timestamp": 1748035601489,
    "synthetic": true
  },
  {
    "symbol": "BTC-USD-PERP",
    "price": 51898.25510384921,
    "size": 0.04746123010685373,
    "side": "buy",
    "timestamp": 1748035601689,
    "synthetic": true
  },
  {
    "symbol": "BTC-USD-PERP",
    "price": 51897.045625432474,
    "size": 0.04970690458598521,
    "side": "buy",
    "timestamp": 1748035601889,
    "synthetic": true
  },
  {
    "symbol": "BTC-USD-PERP",
    "price": 51895.27952991155,
    "size": 0.06591985833103442,
    "side": "buy",
    "timestamp": 1748035602089,
    "synthetic": true
  },
  {
    "symbol": "BTC-USD-PERP",
    "price": 51898.70623716967,
    "size": 0.09302967356315875,
    "side": "buy",
    "timestamp": 1748035602289,
    "synthetic": true
  },
  {
    "symbol": "BTC-USD-PERP",
    "price": 51892.41106227887,
    "size": 0.11561867424389466,
    "side": "sell",
    "timestamp": 1748035602489,
    "synthetic": true
  },
  {
    "symbol": "BTC-USD-PERP",
    "price": 51893.59013405145,
    "size": 0.03636890407199738,
    "side": "sell",
    "timestamp": 1748035602689,
    "synthetic": true
  },
  {
    "symbol": "BTC-USD-PERP",
    "price": 51887.308358850234,
    "size": 0.06791552698737771,
    "side": "sell",
    "timestamp": 1748035602889,
    "synthetic": true
  },
  {
    "symbol": "BTC-USD-PERP",
    "price": 51889.92917437484,
    "size": 0.010538831488078637,
    "side": "sell",
    "timestamp": 1748035603089,
    "synthetic": true
  },
  {
    "symbol": "BTC-USD-PERP",
    "price": 51895.36470768079,
    "size": 0.12646034067657938,
    "side": "buy",
    "timestamp": 1748035603289,
    "synthetic": true
  },
  {
    "symbol": "BTC-USD-PERP",
    "price": 51898.58554471723,
    "size": 0.015863818581324837,
    "side": "sell",
    "timestamp": 1748035603489,
    "synthetic": true
  },
  {
    "symbol": "BTC-USD-PERP",
    "price": 51899.757265476124,
    "size": 0.016055303187658097,
    "side": "sell",
    "timestamp": 1748035603689,
    "synthetic": true
  },
  {
    "symbol": "BTC-USD-PERP",
    "price": 51897.41753272507,
    "size": 0.03500935541064579,
    "side": "sell",
    "timestamp": 1748035603889,
    "synthetic": true
  },
  {
    "symbol": "BTC-USD-PERP",
    "price": 51900.52366023051,
    "size": 0.4688822349134698,
    "side": "buy",
    "timestamp": 1748035604089,
    "synthetic": true
  },
  {
    "symbol": "BTC-USD-PERP",
    "price": 51896.63957249836,
    "size": 0.06683977034384617,
    "side": "sell",
    "timestamp": 1748035604289,
    "synthetic": true
  },
  {
    "symbol": "BTC-USD-PERP",
    "price": 51888.593862770795,
    "size": 0.02526302912969753,
    "side": "buy",
    "timestamp": 1748035604489,
    "synthetic": true
  },
  {
    "symbol": "BTC-USD-PERP",
    "price": 51882.790937872494,
    "size": 0.18631505216681415,
    "side": "buy",
    "timestamp": 1748035604689,
    "synthetic": true
  },
  {
    "symbol": "BTC-USD-PERP",
    "price": 51878.84231040341,
    "size": 0.17945045631110323,
    "side": "sell",
    "timestamp": 1748035604889,
    "synthetic": true
  },
  {
    "symbol": "BTC-USD-PERP",
    "price": 51865.002955433534,
    "size": 0.005434897716494661,
    "side": "sell",
    "timestamp": 1748035605089,
    "synthetic": true
  },
  {
    "symbol": "BTC-USD-PERP",
    "price": 51861.84855008645,
    "size": 0.12662471375699721,
    "side": "buy",
    "timestamp": 1748035605289,
    "synthetic": true
  },
  {
    "symbol": "BTC-USD-PERP",
    "price": 51863.37643485521,
    "size": 0.062405662421939956,
    "side": "buy",
    "timestamp": 1748035605489,
    "synthetic": true
  },
  {
    "symbol": "BTC-USD-PERP",
    "price": 51867.014142915286,
    "size": 0.07556900429361686,
    "side": "sell",
    "timestamp": 1748035605689,
    "synthetic": true
  },
  {
    "symbol": "BTC-USD-PERP",
    "price": 51872.15205412929,
    "size": 0.13558758994066297,
    "side": "sell",
    "timestamp": 1748035605889,
    "synthetic": true
  },
  {
    "symbol": "BTC-USD-PERP",
    "price": 51869.47977631009,
    "size": 0.0037938572784490345,
    "side": "sell",
    "timestamp": 1748035606089,
    "synthetic": true
  },
  {
    "symbol": "BTC-USD-PERP",
    "price": 51868.97389133021,
    "size": 0.13146530847918367,
    "side": "sell",
    "timestamp": 1748035606289,
    "synthetic": true
  },
  {
    "symbol": "BTC-USD-PERP",
    "price": 51866.06312880763,
    "size": 0.08312300637269363,
    "side": "buy",
    "timestamp": 1748035606489,
    "synthetic": true
  },
  {
    "symbol": "BTC-USD-PERP",
    "price": 51865.77595328534,
    "size": 0.2669267271848441,
    "side": "sell",
    "timestamp": 1748035606689,
    "synthetic": true
  },
  {
    "symbol": "BTC-USD-PERP",
    "price": 51864.84626236796,
    "size": 0.08734085963683252,
    "side": "buy",
    "timestamp": 1748035606889,
    "synthetic": true
  },
  {
    "symbol": "BTC-USD-PERP",
    "price": 51856.007821154155,
    "size": 0.02966057082848224,
    "side": "buy",
    "timestamp": 1748035607089,
    "synthetic": true
  },
  {
    "symbol": "BTC-USD-PERP",
    "price": 51845.9739718619,
    "size": 0.07318344376513264,
    "side": "buy",
    "timestamp": 1748035607289,
    "synthetic": true
  },
  {
    "symbol": "BTC-USD-PERP",
    "price": 51846.99053530664,
    "size": 0.13751998673194307,
    "side": "sell",
    "timestamp": 1748035607489,
    "synthetic": true
  },
  {
    "symbol": "BTC-USD-PERP",
    "price": 51850.51443180222,
    "size": 0.3188049794930013,
    "side": "buy",
    "timestamp": 1748035607689,
    "synthetic": true
  },
  {
    "symbol": "BTC-USD-PERP",
    "price": 51850.50770696637,
    "size": 0.559596262222306,
    "side": "sell",
    "timestamp": 1748035607889,
    "synthetic": true
  },
  {
    "symbol": "BTC-USD-PERP",
    "price": 51849.07591066325,
    "size": 0.31282411568538565,
    "side": "sell",
    "timestamp": 1748035608089,
    "synthetic": true
  },
  {
    "symbol": "BTC-USD-PERP",
    "price": 51857.49464796251,
    "size": 0.03544594152901685,
    "side": "sell",
    "timestamp": 1748035608289,
    "synthetic": true
  },
  {
    "symbol": "BTC-USD-PERP",
    "price": 51858.54858872938,
    "size": 0.15420950048299253,
    "side": "sell",
    "timestamp": 1748035608489,
    "synthetic": true
  },
  {
    "symbol": "BTC-USD-PERP",
    "price": 51864.18563949996,
    "size": 0.0070649446759305755,
    "side": "buy",
    "timestamp": 1748035608689,
    "synthetic": true
  },
  {
    "symbol": "BTC-USD-PERP",
    "price": 51856.80700442094,
    "size": 0.031165176877260076,
    "side": "sell",
    "timestamp": 1748035608889,
    "synthetic": true
  },
  {
    "symbol": "BTC-USD-PERP",
    "price": 51846.69341942963,
    "size": 0.20257482135736316,
    "side": "buy",
    "timestamp": 1748035609089,
    "synthetic": true
  },
  {
    "symbol": "BTC-USD-PERP",
    "price": 51853.18697888094,
    "size": 0.07381945935883391,
    "side": "sell",
    "timestamp": 1748035609289,
    "synthetic": true
  },
  {
    "symbol": "BTC-USD-PERP",
    "price": 51863.66158399007,
    "size": 9.803956984089278e-05,
    "side": "buy",
    "timestamp": 1748035609489,
    "synthetic": true
  },
  {
    "symbol": "BTC-USD-PERP",
    "price": 51862.907335984775,
    "size": 0.06341726516340727,
    "side": "sell",
    "timestamp": 1748035609689,
    "synthetic": true
  },
  {
    "symbol": "BTC-USD-PERP",
    "price": 51871.78351202362,
    "size": 0.09339548914107497,
    "side": "sell",
    "timestamp": 1748035609889,
    "synthetic": true
  },
  {
    "symbol": "BTC-USD-PERP",
    "price": 51874.52094850284,
    "size": 0.05888247388791395,
    "side": "sell",
    "timestamp": 1748035610089,
    "synthetic": true
  },
  {
    "symbol": "BTC-USD-PERP",
    "price": 51876.29480933669,
    "size": 0.03479209234793576,
    "side": "buy",
    "timestamp": 1748035610289,
    "synthetic": true
  },
  {
    "symbol": "BTC-USD-PERP",
    "price": 51875.741655735364,
    "size": 0.04165488485648939,
    "side": "sell",
    "timestamp": 1748035610489,
    "synthetic": true
  },
  {
    "symbol": "BTC-USD-PERP",
    "price": 51873.210825335285,
    "size": 0.10322716713504387,
    "side": "buy",
    "timestamp": 1748035610689,
    "synthetic": true
  },
  {
    "symbol": "BTC-USD-PERP",
    "price": 51870.80866512806,
    "size": 0.026709005362042106,
    "side": "sell",
    "timestamp": 1748035610889,
    "synthetic": true
  },
  {
    "symbol": "BTC-USD-PERP",
    "price": 51867.2255806104,
    "size": 0.029771351340803512,
    "side": "buy",
    "timestamp": 1748035611089,
    "synthetic": true
  },
  {
    "symbol": "BTC-USD-PERP",
    "price": 51866.949344805565,
    "size": 0.1680578809624688,
    "side": "sell",
    "timestamp": 1748035611289,
    "synthetic": true
  },
  {
    "symbol": "BTC-USD-PERP",
    "price": 51872.24970946685,
    "size": 0.22144849177397796,
    "side": "buy",
    "timestamp": 1748035611489,
    "synthetic": true
  },
  {
    "symbol": "BTC-USD-PERP",
    "price": 51881.25290352861,
    "size": 0.1039347263263442,
    "side": "buy",
    "timestamp": 1748035611689,
    "synthetic": true
  },
  {
    "symbol": "BTC-USD-PERP",
    "price": 51871.55164242776,
    "size": 0.09911785644634294,
    "side": "sell",
    "timestamp": 1748035611889,
    "synthetic": true
  },
  {
    "symbol": "BTC-USD-PERP",
    "price": 51860.3397836623,
    "size": 0.09794957901199465,
    "side": "sell",
    "timestamp": 1748035612089,
    "synthetic": true
  },
  {
    "symbol": "BTC-USD-PERP",
    "price": 51864.51143926518,
    "size": 0.040023027978737344,
    "side": "buy",
    "timestamp": 1748035612289,
    "synthetic": true
  },
  {
    "symbol": "BTC-USD-PERP",
    "price": 51865.122698463,
    "size": 0.12099607345105219,
    "side": "sell",
    "timestamp": 1748035612489,
    "synthetic": true
  },
  {
    "symbol": "BTC-USD-PERP",
    "price": 51859.10721857936,
    "size": 0.0992551024148693,
    "side": "buy",
    "timestamp": 1748035612689,
    "synthetic": true
  },
  {
    "symbol": "BTC-USD-PERP",
    "price": 51863.465833527895,
    "size": 0.06398582090676809,
    "side": "sell",
    "timestamp": 1748035612889,
    "synthetic": true
  },
  {
    "symbol": "BTC-USD-PERP",
    "price": 51870.487827612385,
    "size": 0.17343776465450134,
    "side": "buy",
    "timestamp": 1748035613089,
    "synthetic": true
  },
  {
    "symbol": "BTC-USD-PERP",
    "price": 51876.4318415824,
    "size": 0.0655757173738285,
    "side": "sell",
    "timestamp": 1748035613289,
    "synthetic": true
  },
  {
    "symbol": "BTC-USD-PERP",
    "price": 51886.7333560029,
    "size": 0.07727813847723718,
    "side": "buy",
    "timestamp": 1748035613489,
    "synthetic": true
  },
  {
    "symbol": "BTC-USD-PERP",
    "price": 51885.795454787745,
    "size": 0.14663232757564035,
    "side": "sell",
    "timestamp": 1748035613689,
    "synthetic": true
  },
  {
    "symbol": "BTC-USD-PERP",
    "price": 51890.667796033216,
    "size": 0.012331794256100238,
    "side": "sell",
    "timestamp": 1748035613889,
    "synthetic": true
  },
  {
    "symbol": "BTC-USD-PERP",
    "price": 51895.42214488381,
    "size": 0.0072208661111925285,
    "side": "buy",
    "timestamp": 1748035614089,
    "synthetic": true
  },
  {
    "symbol": "BTC-USD-PERP",
    "price": 51893.73584110031,
    "size": 0.02600823102038101,
    "side": "sell",
    "timestamp": 1748035614289,
    "synthetic": true
  },
  {
    "symbol": "BTC-USD-PERP",
    "price": 51899.89552181529,
    "size": 0.09706276539490787,
    "side": "buy",
    "timestamp": 1748035614489,
    "synthetic": true
  },
  {
    "symbol": "BTC-USD-PERP",
    "price": 51897.726974905476,
    "size": 0.08561979733467473,
    "side": "sell",
    "timestamp": 1748035614689,
    "synthetic": true
  },
  {
    "symbol": "BTC-USD-PERP",
    "price": 51891.536269004086,
    "size": 0.01759721945771254,
    "side": "sell",
    "timestamp": 1748035614889,
    "synthetic": true
  },
  {
    "symbol": "BTC-USD-PERP",
    "price": 51897.57664998453,
    "size": 0.014846896961926183,
    "side": "sell",
    "timestamp": 1748035615089,
    "synthetic": true
  },
  {
    "symbol": "BTC-USD-PERP",
    "price": 51899.92440968757,
    "size": 0.43021039785600906,
    "side": "sell",
    "timestamp": 1748035615289,
    "synthetic": true
  },
  {
    "symbol": "BTC-USD-PERP",
    "price": 51894.23308331531,
    "size": 0.056506968139625746,
    "side": "sell",
    "timestamp": 1748035615489,
    "synthetic": true
  },
  {
    "symbol": "BTC-USD-PERP",
    "price": 51900.92803097925,
    "size": 0.01833142328763628,
    "side": "buy",
    "timestamp": 1748035615689,
    "synthetic": true
  },
  {
    "symbol": "BTC-USD-PERP",
    "price": 51900.362897404935,
    "size": 0.12357897172501452,
    "side": "sell",
    "timestamp": 1748035615889,
    "synthetic": true
  },
  {
    "symbol": "BTC-USD-PERP",
    "price": 51899.86156006907,
    "size": 0.01967052845271754,
    "side": "buy",
    "timestamp": 1748035616089,
    "synthetic": true
  },
  {
    "symbol": "BTC-USD-PERP",
    "price": 51895.26398072955,
    "size": 0.04268809448740999,
    "side": "sell",
    "timestamp": 1748035616289,
    "synthetic": true
  },
  {
    "symbol": "BTC-USD-PERP",
    "price": 51896.340465528214,
    "size": 0.13782169202230954,
    "side": "buy",
    "timestamp": 1748035616489,
    "synthetic": true
  },
  {
    "symbol": "BTC-USD-PERP",
    "price": 51894.79800538493,
    "size": 0.04597308443322799,
    "side": "buy",
    "timestamp": 1748035616689,
    "synthetic": true
  },
  {
    "symbol": "BTC-USD-PERP",
    "price": 51894.13869929738,
    "size": 0.1839297616654928,
    "side": "sell",
    "timestamp": 1748035616889,
    "synthetic": true
  },
  {
    "symbol": "BTC-USD-PERP",
    "price": 51889.52051545632,
    "size": 0.17548666548359154,
    "side": "buy",
    "timestamp": 1748035617089,
    "synthetic": true
  },
  {
    "symbol": "BTC-USD-PERP",
    "price": 51883.94366017501,
    "size": 0.0017496662502973733,
    "side": "buy",
    "timestamp": 1748035617289,
    "synthetic": true
  },
  {
    "symbol": "BTC-USD-PERP",
    "price": 51882.72110079273,
    "size": 0.28588266569441034,
    "side": "sell",
    "timestamp": 1748035617489,
    "synthetic": true
  },
  {
    "symbol": "BTC-USD-PERP",
    "price": 51886.555302861394,
    "size": 0.01075061386735375,
    "side": "sell",
    "timestamp": 1748035617689,
    "synthetic": true
  },
  {
    "symbol": "BTC-USD-PERP",
    "price": 51886.511881785795,
    "size": 0.0262844538243297,
    "side": "buy",
    "timestamp": 1748035617889,
    "synthetic": true
  },
  {
    "symbol": "BTC-USD-PERP",
    "price": 51879.43151367081,
    "size": 0.07505084185871345,
    "side": "sell",
    "timestamp": 1748035618089,
    "synthetic": true
  },
  {
    "symbol": "BTC-USD-PERP",
    "price": 51873.44818297467,
    "size": 0.06401500161172212,
    "side": "buy",
    "timestamp": 1748035618289,
    "synthetic": true
  },
  {
    "symbol": "BTC-USD-PERP",
    "price": 51880.46022917113,
    "size": 0.04596480264705776,
    "side": "sell",
    "timestamp": 1748035618489,
    "synthetic": true
  },
  {
    "symbol": "BTC-USD-PERP",
    "price": 51879.39204031728,
    "size": 0.01238694101558855,
    "side": "buy",
    "timestamp": 1748035618689,
    "synthetic": true
  },
  {
    "symbol": "BTC-USD-PERP",
    "price": 51884.22649972305,
    "size": 0.5197702131270344,
    "side": "sell",
    "timestamp": 1748035618889,
    "synthetic": true
  },
  {
    "symbol": "BTC-USD-PERP",
    "price": 51883.229804539515,
    "size": 0.00037096217093912095,
    "side": "sell",
    "timestamp": 1748035619089,
    "synthetic": true
  },
  {
    "symbol": "BTC-USD-PERP",
    "price": 51884.54887035883,
    "size": 0.06693669301381494,
    "side": "buy",
    "timestamp": 1748035619289,
    "synthetic": true
  },
  {
    "symbol": "BTC-USD-PERP",
    "price": 51894.33022875144,
    "size": 0.10926146975262928,
    "side": "sell",
    "timestamp": 1748035619489,
    "synthetic": true
  },
  {
    "symbol": "BTC-USD-PERP",
    "price": 51900.66470403358,
    "size": 0.04339770271749752,
    "side": "sell",
    "timestamp": 1748035619689,
    "synthetic": true
  },
  {
    "symbol": "BTC-USD-PERP",
    "price": 51906.71260552478,
    "size": 0.08569740601459913,
    "side": "sell",
    "timestamp": 1748035619889,
    "synthetic": true
  },
  {
    "symbol": "BTC-USD-PERP",
    "price": 51900.39283472532,
    "size": 0.12476668014059705,
    "side": "buy",
    "timestamp": 1748035620089,
    "synthetic": true
  },
  {
    "symbol": "BTC-USD-PERP",
    "price": 51896.88243231649,
    "size": 0.020072247909538765,
    "side": "buy",
    "timestamp": 1748035620289,
    "synthetic": true
  },
  {
    "symbol": "BTC-USD-PERP",
    "price": 51901.56993591218,
    "size": 0.07551755223605264,
    "side": "buy",
    "timestamp": 1748035620489,
    "synthetic": true
  },
  {
    "symbol": "BTC-USD-PERP",
    "price": 51897.905880865386,
    "size": 0.1297263496639472,
    "side": "sell",
    "timestamp": 1748035620689,
    "synthetic": true
  },
  {
    "symbol": "BTC-USD-PERP",
    "price": 51899.21070883327,
    "size": 0.0309088455757411,
    "side": "sell",
    "timestamp": 1748035620889,
    "synthetic": true
  },
  {
    "symbol": "BTC-USD-PERP",
    "price": 51895.06087069574,
    "size": 0.1153756085969559,
    "side": "sell",
    "timestamp": 1748035621089,
    "synthetic": true
  },
  {
    "symbol": "BTC-USD-PERP",
    "price": 51895.685162770664,
    "size": 0.029503695243599182,
    "side": "buy",
    "timestamp": 1748035621289,
    "synthetic": true
  },
  {
    "symbol": "BTC-USD-PERP",
    "price": 51896.79084715585,
    "size": 0.0486438385068102,
    "side": "buy",
    "timestamp": 1748035621489,
    "synthetic": true
  },
  {
    "symbol": "BTC-USD-PERP",
    "price": 51894.81497558805,
    "size": 0.048884865340506345,
    "side": "buy",
    "timestamp": 1748035621689,
    "synthetic": true
  },
  {
    "symbol": "BTC-USD-PERP",
    "price": 51890.51870968385,
    "size": 0.375609789931399,
    "side": "sell",
    "timestamp": 1748035621889,
    "synthetic": true
  },
  {
    "symbol": "BTC-USD-PERP",
    "price": 51883.96596719041,
    "size": 0.26458562051244544,
    "side": "buy",
    "timestamp": 1748035622089,
    "synthetic": true
  },
  {
    "symbol": "BTC-USD-PERP",
    "price": 51879.76725608998,
    "size": 0.0728005509644201,
    "side": "buy",
    "timestamp": 1748035622289,
    "synthetic": true
  },
  {
    "symbol": "BTC-USD-PERP",
    "price": 51877.9625998572,
    "size": 0.03658053723278345,
    "side": "sell",
    "timestamp": 1748035622489,
    "synthetic": true
  },
  {
    "symbol": "BTC-USD-PERP",
    "price": 51882.35072049227,
    "size": 0.17012481926752662,
    "side": "sell",
    "timestamp": 1748035622689,
    "synthetic": true
  },
  {
    "symbol": "BTC-USD-PERP",
    "price": 51888.28218751868,
    "size": 0.11838318031111901,
    "side": "buy",
    "timestamp": 1748035622889,
    "synthetic": true
  },
  {
    "symbol": "BTC-USD-PERP",
    "price": 51887.65386230439,
    "size": 0.19184009665900867,
    "side": "sell",
    "timestamp": 1748035623089,
    "synthetic": true
  },
  {
    "symbol": "BTC-USD-PERP",
    "price": 51893.94219212902,
    "size": 0.06541214611059691,
    "side": "buy",
    "timestamp": 1748035623289,
    "synthetic": true
  },
  {
    "symbol": "BTC-USD-PERP",
    "price": 51891.740349556225,
    "size": 0.039581128071680675,
    "side": "buy",
    "timestamp": 1748035623489,
    "synthetic": true
  },
  {
    "symbol": "BTC-USD-PERP",
    "price": 51879.818279072875,
    "size": 0.0726981738315665,
    "side": "buy",
    "timestamp": 1748035623689,
    "synthetic": true
  },
  {
    "symbol": "BTC-USD-PERP",
    "price": 51881.86060731585,
    "size": 0.2738405591362983,
    "side": "sell",
    "timestamp": 1748035623889,
    "synthetic": true
  },
  {
    "symbol": "BTC-USD-PERP",
    "price": 51887.4518469469,
    "size": 0.07170245200470753,
    "side": "buy",
    "timestamp": 1748035624089,
    "synthetic": true
  },
  {
    "symbol": "BTC-USD-PERP",
    "price": 51890.5105911165,
    "size": 0.2833925590923802,
    "side": "buy",
    "timestamp": 1748035624289,
    "synthetic": true
  },
  {
    "symbol": "BTC-USD-PERP",
    "price": 51886.12159675765,
    "size": 0.26226832694502883,
    "side": "buy",
    "timestamp": 1748035624489,
    "synthetic": true
  },
  {
    "symbol": "BTC-USD-PERP",
    "price": 51883.73528328731,
    "size": 0.3684667828501095,
    "side": "sell",
    "timestamp": 1748035624689,
    "synthetic": true
  },
  {
    "symbol": "BTC-USD-PERP",
    "price": 51885.081688868915,
    "size": 0.24098268549095803,
    "side": "buy",
    "timestamp": 1748035624889,
    "synthetic": true
  },
  {
    "symbol": "BTC-USD-PERP",
    "price": 51884.558630614236,
    "size": 0.09998521502112645,
    "side": "buy",
    "timestamp": 1748035625089,
    "synthetic": true
  },
  {
    "symbol": "BTC-USD-PERP",
    "price": 51882.75228403692,
    "size": 0.1214371264371576,
    "side": "sell",
    "timestamp": 1748035625289,
    "synthetic": true
  },
  {
    "symbol": "BTC-USD-PERP",
    "price": 51876.75171404483,
    "size": 0.21386272708977458,
    "side": "buy",
    "timestamp": 1748035625489,
    "synthetic": true
  },
  {
    "symbol": "BTC-USD-PERP",
    "price": 51874.40938632628,
    "size": 0.2981034218000842,
    "side": "buy",
    "timestamp": 1748035625689,
    "synthetic": true
  },
  {
    "symbol": "BTC-USD-PERP",
    "price": 51872.30904302026,
    "size": 0.009170962890579368,
    "side": "sell",
    "timestamp": 1748035625889,
    "synthetic": true
  },
  {
    "symbol": "BTC-USD-PERP",
    "price": 51872.26000609339,
    "size": 0.392005557178268,
    "side": "buy",
    "timestamp": 1748035626089,
    "synthetic": true
  },
  {
    "symbol": "BTC-USD-PERP",
    "price": 51875.22388875897,
    "size": 0.12286211525968778,
    "side": "sell",
    "timestamp": 1748035626289,
    "synthetic": true
  },
  {
    "symbol": "BTC-USD-PERP",
    "price": 51874.366622788126,
    "size": 0.2875227220113645,
    "side": "sell",
    "timestamp": 1748035626489,
    "synthetic": true
  },
  {
    "symbol": "BTC-USD-PERP",
    "price": 51868.017434952104,
    "size": 0.15082794027859528,
    "side": "buy",
    "timestamp": 1748035626689,
    "synthetic": true
  },
  {
    "symbol": "BTC-USD-PERP",
    "price": 51868.79551224119,
    "size": 0.1287445992164415,
    "side": "sell",
    "timestamp": 1748035626889,
    "synthetic": true
  },
  {
    "symbol": "BTC-USD-PERP",
    "price": 51866.83277855316,
    "size": 0.09582430562983248,
    "side": "sell",
    "timestamp": 1748035627089,
    "synthetic": true
  },
  {
    "symbol": "BTC-USD-PERP",
    "price": 51871.40128640886,
    "size": 0.3426707618650952,
    "side": "sell",
    "timestamp": 1748035627289,
    "synthetic": true
  },
  {
    "symbol": "BTC-USD-PERP",
    "price": 51865.59188618924,
    "size": 0.18652106578211972,
    "side": "sell",
    "timestamp": 1748035627489,
    "synthetic": true
  },
  {
    "symbol": "BTC-USD-PERP",
    "price": 51859.932312606215,
    "size": 0.01000530025796801,
    "side": "sell",
    "timestamp": 1748035627689,
    "synthetic": true
  },
  {
    "symbol": "BTC-USD-PERP",
    "price": 51857.286580803244,
    "size": 0.30025290655545067,
    "side": "sell",
    "timestamp": 1748035627889,
    "synthetic": true
  },
  {
    "symbol": "BTC-USD-PERP",
    "price": 51860.68156253285,
    "size": 0.003463692612463757,
    "side": "buy",
    "timestamp": 1748035628089,
    "synthetic": true
  },
  {
    "symbol": "BTC-USD-PERP",
    "price": 51868.85665325475,
    "size": 0.10277074144780818,
    "side": "buy",
    "timestamp": 1748035628289,
    "synthetic": true
  },
  {
    "symbol": "BTC-USD-PERP",
    "price": 51872.64815776903,
    "size": 0.029441711856781124,
    "side": "buy",
    "timestamp": 1748035628489,
    "synthetic": true
  },
  {
    "symbol": "BTC-USD-PERP",
    "price": 51880.16223531042,
    "size": 0.1395946942030969,
    "side": "buy",
    "timestamp": 1748035628689,
    "synthetic": true
  },
  {
    "symbol": "BTC-USD-PERP",
    "price": 51890.205019422676,
    "size": 0.07638709564788089,
    "side": "buy",
    "timestamp": 1748035628889,
    "synthetic": true
  },
  {
    "symbol": "BTC-USD-PERP",
    "price": 51889.12207036939,
    "size": 0.11287476650644311,
    "side": "sell",
    "timestamp": 1748035629089,
    "synthetic": true
  },
  {
    "symbol": "BTC-USD-PERP",
    "price": 51902.42112848079,
    "size": 0.057276381245840516,
    "side": "buy",
    "timestamp": 1748035629289,
    "synthetic": true
  },
  {
    "symbol": "BTC-USD-PERP",
    "price": 51897.778012263145,
    "size": 0.019471190038856168,
    "side": "sell",
    "timestamp": 1748035629489,
    "synthetic": true
  },
  {
    "symbol": "BTC-USD-PERP",
    "price": 51899.561499333686,
    "size": 0.2187816341964399,
    "side": "sell",
    "timestamp": 1748035629689,
    "synthetic": true
  },
  {
    "symbol": "BTC-USD-PERP",
    "price": 51910.74083630778,
    "size": 0.26198663692945007,
    "side": "buy",
    "timestamp": 1748035629889,
    "synthetic": true
  },
  {
    "symbol": "BTC-USD-PERP",
    "price": 51914.18671600078,
    "size": 0.1760172574927268,
    "side": "sell",
    "timestamp": 1748035630089,
    "synthetic": true
  },
  {
    "symbol": "BTC-USD-PERP",
    "price": 51919.41463188538,
    "size": 0.0021266282547309965,
    "side": "sell",
    "timestamp": 1748035630289,
    "synthetic": true
  },
  {
    "symbol": "BTC-USD-PERP",
    "price": 51924.80482666178,
    "size": 0.0017869917767384615,
    "side": "buy",
    "timestamp": 1748035630489,
    "synthetic": true
  },
  {
    "symbol": "BTC-USD-PERP",
    "price": 51925.04359677517,
    "size": 0.290193008702946,
    "side": "sell",
    "timestamp": 1748035630689,
    "synthetic": true
  },
  {
    "symbol": "BTC-USD-PERP",
    "price": 51934.82468444355,
    "size": 0.02329110954258372,
    "side": "buy",
    "timestamp": 1748035630889,
    "synthetic": true
  },
  {
    "symbol": "BTC-USD-PERP",
    "price": 51932.40845733165,
    "size": 0.06130438767711746,
    "side": "sell",
    "timestamp": 1748035631089,
    "synthetic": true
  },
  {
    "symbol": "BTC-USD-PERP",
    "price": 51925.53838261449,
    "size": 0.19309911846374947,
    "side": "sell",
    "timestamp": 1748035631289,
    "synthetic": true
  },
  {
    "symbol": "BTC-USD-PERP",
    "price": 51918.69009549448,
    "size": 0.07259637335224038,
    "side": "buy",
    "timestamp": 1748035631489,
    "synthetic": true
  },
  {
    "symbol": "BTC-USD-PERP",
    "price": 51914.67328695938,
    "size": 0.15652133156666959,
    "side": "sell",
    "timestamp": 1748035631689,
    "synthetic": true
  },
  {
    "symbol": "BTC-USD-PERP",
    "price": 51911.20142381078,
    "size": 0.1300253510341471,
    "side": "buy",
    "timestamp": 1748035631889,
    "synthetic": true
  },
  {
    "symbol": "BTC-USD-PERP",
    "price": 51902.409628615846,
    "size": 0.02955406369308214,
    "side": "buy",
    "timestamp": 1748035632089,
    "synthetic": true
  },
  {
    "symbol": "BTC-USD-PERP",
    "price": 51902.42793847916,
    "size": 0.18291041707216224,
    "side": "sell",
    "timestamp": 1748035632289,
    "synthetic": true
  },
  {
    "symbol": "BTC-USD-PERP",
    "price": 51903.34304315997,
    "size": 0.05267346410743004,
    "side": "sell",
    "timestamp": 1748035632489,
    "synthetic": true
  },
  {
    "symbol": "BTC-USD-PERP",
    "price": 51908.79626103778,
    "size": 0.03615174839434319,
    "side": "sell",
    "timestamp": 1748035632689,
    "synthetic": true
  },
  {
    "symbol": "BTC-USD-PERP",
    "price": 51908.88424201796,
    "size": 0.04697753572728288,
    "side": "sell",
    "timestamp": 1748035632889,
    "synthetic": true
  },
  {
    "symbol": "BTC-USD-PERP",
    "price": 51910.03339977106,
    "size": 0.22949420646388577,
    "side": "buy",
    "timestamp": 1748035633089,
    "synthetic": true
  },
  {
    "symbol": "BTC-USD-PERP",
    "price": 51911.84445078952,
    "size": 0.018968184263954097,
    "side": "buy",
    "timestamp": 1748035633289,
    "synthetic": true
  },
  {
    "symbol": "BTC-USD-PERP",
    "price": 51906.926904923996,
    "size": 0.027674713407717107,
    "side": "buy",
    "timestamp": 1748035633489,
    "synthetic": true
  },
  {
    "symbol": "BTC-USD-PERP",
    "price": 51899.674228748445,
    "size": 0.08771465874825654,
    "side": "buy",
    "timestamp": 1748035633689,
    "synthetic": true
  },
  {
    "symbol": "BTC-USD-PERP",
    "price": 51898.969775221805,
    "size": 0.23406201830094112,
    "side": "buy",
    "timestamp": 1748035633889,
    "synthetic": true
  },
  {
    "symbol": "BTC-USD-PERP",
    "price": 51894.66499192133,
    "size": 0.00014862843230130287,
    "side": "sell",
    "timestamp": 1748035634089,
    "synthetic": true
  },
  {
    "symbol": "BTC-USD-PERP",
    "price": 51886.09331947236,
    "size": 0.256093668097963,
    "side": "buy",
    "timestamp": 1748035634289,
    "synthetic": true
  },
  {
    "symbol": "BTC-USD-PERP",
    "price": 51890.95797799803,
    "size": 0.16652058120622837,
    "side": "sell",
    "timestamp": 1748035634489,
    "synthetic": true
  },
  {
    "symbol": "BTC-USD-PERP",
    "price": 51880.7546363181,
    "size": 0.07535888706702693,
    "side": "buy",
    "timestamp": 1748035634689,
    "synthetic": true
  },
  {
    "symbol": "BTC-USD-PERP",
    "price": 51880.06774833003,
    "size": 0.04290443727348846,
    "side": "sell",
    "timestamp": 1748035634889,
    "synthetic": true
  },
  {
    "symbol": "BTC-USD-PERP",
    "price": 51885.73818272357,
    "size": 0.1607059701076321,
    "side": "buy",
    "timestamp": 1748035635089,
    "synthetic": true
  },
  {
    "symbol": "BTC-USD-PERP",
    "price": 51895.222050577126,
    "size": 0.010010041616480704,
    "side": "buy",
    "timestamp": 1748035635289,
    "synthetic": true
  },
  {
    "symbol": "BTC-USD-PERP",
    "price": 51896.020500004095,
    "size": 0.023629197747805697,
    "side": "buy",
    "timestamp": 1748035635489,
    "synthetic": true
  },
  {
    "symbol": "BTC-USD-PERP",
    "price": 51887.26295174232,
    "size": 0.018069157020572896,
    "side": "buy",
    "timestamp": 1748035635689,
    "synthetic": true
  },
  {
    "symbol": "BTC-USD-PERP",
    "price": 51889.671120028026,
    "size": 0.04221427484944781,
    "side": "buy",
    "timestamp": 1748035635889,
    "synthetic": true
  },
  {
    "symbol": "BTC-USD-PERP",
    "price": 51888.82133649115,
    "size": 0.018182277022641535,
    "side": "buy",
    "timestamp": 1748035636089,
    "synthetic": true
  },
  {
    "symbol": "BTC-USD-PERP",
    "price": 51885.346212664685,
    "size": 0.014803736148778626,
    "side": "buy",
    "timestamp": 1748035636289,
    "synthetic": true
  },
  {
    "symbol": "BTC-USD-PERP",
    "price": 51881.84799278218,
    "size": 0.06744469978881512,
    "side": "buy",
    "timestamp": 1748035636489,
    "synthetic": true
  },
  {
    "symbol": "BTC-USD-PERP",
    "price": 51885.08731261579,
    "size": 0.2684034722327129,
    "side": "sell",
    "timestamp": 1748035636689,
    "synthetic": true
  },
  {
    "symbol": "BTC-USD-PERP",
    "price": 51885.86014933229,
    "size": 0.049000864220000794,
    "side": "buy",
    "timestamp": 1748035636889,
    "synthetic": true
  },
  {
    "symbol": "BTC-USD-PERP",
    "price": 51889.39775875188,
    "size": 0.07513821699880235,
    "side": "buy",
    "timestamp": 1748035637089,
    "synthetic": true
  },
  {
    "symbol": "BTC-USD-PERP",
    "price": 51887.169238395436,
    "size": 0.11840938320567246,
    "side": "sell",
    "timestamp": 1748035637289,
    "synthetic": true
  },
  {
    "symbol": "BTC-USD-PERP",
    "price": 51894.08012659479,
    "size": 0.030397870296488244,
    "side": "buy",
    "timestamp": 1748035637489,
    "synthetic": true
  },
  {
    "symbol": "BTC-USD-PERP",
    "price": 51901.06715140421,
    "size": 0.02892068808448364,
    "side": "buy",
    "timestamp": 1748035637689,
    "synthetic": true
  },
  {
    "symbol": "BTC-USD-PERP",
    "price": 51902.2163802359,
    "size": 0.007706043386290436,
    "side": "sell",
    "timestamp": 1748035637889,
    "synthetic": true
  },
  {
    "symbol": "BTC-USD-PERP",
    "price": 51900.37159710456,
    "size": 0.03258326972259763,
    "side": "buy",
    "timestamp": 1748035638089,
    "synthetic": true
  },
  {
    "symbol": "BTC-USD-PERP",
    "price": 51900.85602206761,
    "size": 0.041298868379649405,
    "side": "buy",
    "timestamp": 1748035638289,
    "synthetic": true
  },
  {
    "symbol": "BTC-USD-PERP",
    "price": 51894.59525319565,
    "size": 0.02595264484909985,
    "side": "sell",
    "timestamp": 1748035638489,
    "synthetic": true
  },
  {
    "symbol": "BTC-USD-PERP",
    "price": 51886.617642646444,
    "size": 0.4010679452935881,
    "side": "buy",
    "timestamp": 1748035638689,
    "synthetic": true
  },
  {
    "symbol": "BTC-USD-PERP",
    "price": 51876.87991673506,
    "size": 0.0467645968783958,
    "side": "buy",
    "timestamp": 1748035638889,
    "synthetic": true
  },
  {
    "symbol": "BTC-USD-PERP",
    "price": 51881.948267248146,
    "size": 0.2973969220136176,
    "side": "buy",
    "timestamp": 1748035639089,
    "synthetic": true
  },
  {
    "symbol": "BTC-USD-PERP",
    "price": 51873.96020859036,
    "size": 0.06278175350410495,
    "side": "buy",
    "timestamp": 1748035639289,
    "synthetic": true
  },
  {
    "symbol": "BTC-USD-PERP",
    "price": 51867.65982348922,
    "size": 0.014983160449746966,
    "side": "sell",
    "timestamp": 1748035639489,
    "synthetic": true
  },
  {
    "symbol": "BTC-USD-PERP",
    "price": 51868.396924019915,
    "size": 0.04749367773243181,
    "side": "buy",
    "timestamp": 1748035639689,
    "synthetic": true
  },
  {
    "symbol": "BTC-USD-PERP",
    "price": 51867.65138899966,
    "size": 0.0379225636135842,
    "side": "buy",
    "timestamp": 1748035639889,
    "synthetic": true
  },
  {
    "symbol": "BTC-USD-PERP",
    "price": 51872.7068073373,
    "size": 0.06724470339325095,
    "side": "sell",
    "timestamp": 1748035640089,
    "synthetic": true
  },
  {
    "symbol": "BTC-USD-PERP",
    "price": 51869.7268068036,
    "size": 0.0038808270524161824,
    "side": "sell",
    "timestamp": 1748035640289,
    "synthetic": true
  },
  {
    "symbol": "BTC-USD-PERP",
    "price": 51880.96527184707,
    "size": 0.22841636587902078,
    "side": "buy",
    "timestamp": 1748035640489,
    "synthetic": true
  },
  {
    "symbol": "BTC-USD-PERP",
    "price": 51883.37241334916,
    "size": 0.05580315433203064,
    "side": "buy",
    "timestamp": 1748035640689,
    "synthetic": true
  },
  {
    "symbol": "BTC-USD-PERP",
    "price": 51874.905060652556,
    "size": 0.15281808642333045,
    "side": "buy",
    "timestamp": 1748035640889,
    "synthetic": true
  },
  {
    "symbol": "BTC-USD-PERP",
    "price": 51873.780558596685,
    "size": 0.22680117687054127,
    "side": "buy",
    "timestamp": 1748035641089,
    "synthetic": true
  },
  {
    "symbol": "BTC-USD-PERP",
    "price": 51864.71814010615,
    "size": 0.32618802901432065,
    "side": "sell",
    "timestamp": 1748035641289,
    "synthetic": true
  },
  {
    "symbol": "BTC-USD-PERP",
    "price": 51870.213210478694,
    "size": 0.21860269891838785,
    "side": "sell",
    "timestamp": 1748035641489,
    "synthetic": true
  },
  {
    "symbol": "BTC-USD-PERP",
    "price": 51870.19990742636,
    "size": 0.17899118142360054,
    "side": "buy",
    "timestamp": 1748035641689,
    "synthetic": true
  },
  {
    "symbol": "BTC-USD-PERP",
    "price": 51864.39407445136,
    "size": 0.5552823767629692,
    "side": "buy",
    "timestamp": 1748035641889,
    "synthetic": true
  },
  {
    "symbol": "BTC-USD-PERP",
    "price": 51860.83546476464,
    "size": 0.019654592670366074,
    "side": "buy",
    "timestamp": 1748035642089,
    "synthetic": true
  },
  {
    "symbol": "BTC-USD-PERP",
    "price": 51858.819120180255,
    "size": 0.09099693716890622,
    "side": "buy",
    "timestamp": 1748035642289,
    "synthetic": true
  },
  {
    "symbol": "BTC-USD-PERP",
    "price": 51858.35910474408,
    "size": 0.14219054575464393,
    "side": "buy",
    "timestamp": 1748035642489,
    "synthetic": true
  },
  {
    "symbol": "BTC-USD-PERP",
    "price": 51856.8950664705,
    "size": 0.015495674683130399,
    "side": "buy",
    "timestamp": 1748035642689,
    "synthetic": true
  },
  {
    "symbol": "BTC-USD-PERP",
    "price": 51854.110932276795,
    "size": 0.002712280312115055,
    "side": "buy",
    "timestamp": 1748035642889,
    "synthetic": true
  },
  {
    "symbol": "BTC-USD-PERP",
    "price": 51860.783747178124,
    "size": 0.021756127070373985,
    "side": "buy",
    "timestamp": 1748035643089,
    "synthetic": true
  },
  {
    "symbol": "BTC-USD-PERP",
    "price": 51865.317641201254,
    "size": 0.32427171847759506,
    "side": "buy",
    "timestamp": 1748035643289,
    "synthetic": true
  },
  {
    "symbol": "BTC-USD-PERP",
    "price": 51873.481280809734,
    "size": 0.14259873727995687,
    "side": "sell",
    "timestamp": 1748035643489,
    "synthetic": true
  },
  {
    "symbol": "BTC-USD-PERP",
    "price": 51868.81975489639,
    "size": 0.38416571255277565,
    "side": "sell",
    "timestamp": 1748035643689,
    "synthetic": true
  },
  {
    "symbol": "BTC-USD-PERP",
    "price": 51875.636178244036,
    "size": 0.11281018723405178,
    "side": "buy",
    "timestamp": 1748035643889,
    "synthetic": true
  },
  {
    "symbol": "BTC-USD-PERP",
    "price": 51879.62504814014,
    "size": 0.31551211329251433,
    "side": "buy",
    "timestamp": 1748035644089,
    "synthetic": true
  },
  {
    "symbol": "BTC-USD-PERP",
    "price": 51883.37701782338,
    "size": 0.08957744773489551,
    "side": "sell",
    "timestamp": 1748035644289,
    "synthetic": true
  },
  {
    "symbol": "BTC-USD-PERP",
    "price": 51886.60239502922,
    "size": 0.12418610682238691,
    "side": "buy",
    "timestamp": 1748035644489,
    "synthetic": true
  },
  {
    "symbol": "BTC-USD-PERP",
    "price": 51891.24025207111,
    "size": 0.20991773103663394,
    "side": "buy",
    "timestamp": 1748035644689,
    "synthetic": true
  },
  {
    "symbol": "BTC-USD-PERP",
    "price": 51883.41465563535,
    "size": 0.10638239219974238,
    "side": "buy",
    "timestamp": 1748035644889,
    "synthetic": true
  },
  {
    "symbol": "BTC-USD-PERP",
    "price": 51886.39204051342,
    "size": 0.12328314664013146,
    "side": "sell",
    "timestamp": 1748035645089,
    "synthetic": true
  },
  {
    "symbol": "BTC-USD-PERP",
    "price": 51881.42830813441,
    "size": 0.0015798197836594972,
    "side": "sell",
    "timestamp": 1748035645289,
    "synthetic": true
  },
  {
    "symbol": "BTC-USD-PERP",
    "price": 51886.116961565414,
    "size": 0.02304833788426663,
    "side": "buy",
    "timestamp": 1748035645489,
    "synthetic": true
  },
  {
    "symbol": "BTC-USD-PERP",
    "price": 51877.0887832281,
    "size": 0.043909336461053106,
    "side": "sell",
    "timestamp": 1748035645689,
    "synthetic": true
  },
  {
    "symbol": "BTC-USD-PERP",
    "price": 51877.9321787365,
    "size": 0.014183783353277205,
    "side": "sell",
    "timestamp": 1748035645889,
    "synthetic": true
  },
  {
    "symbol": "BTC-USD-PERP",
    "price": 51868.901702647774,
    "size": 0.18069172930309532,
    "side": "sell",
    "timestamp": 1748035646089,
    "synthetic": true
  },
  {
    "symbol": "BTC-USD-PERP",
    "price": 51870.41574113956,
    "size": 0.016885385705726157,
    "side": "buy",
    "timestamp": 1748035646289,
    "synthetic": true
  },
  {
    "symbol": "BTC-USD-PERP",
    "price": 51870.81278261358,
    "size": 0.0040650206548361765,
    "side": "sell",
    "timestamp": 1748035646489,
    "synthetic": true
  },
  {
    "symbol": "BTC-USD-PERP",
    "price": 51870.67915976661,
    "size": 0.08614738107372569,
    "side": "sell",
    "timestamp": 1748035646689,
    "synthetic": true
  },
  {
    "symbol": "BTC-USD-PERP",
    "price": 51867.386226931645,
    "size": 0.11938690160176704,
    "side": "buy",
    "timestamp": 1748035646889,
    "synthetic": true
  },
  {
    "symbol": "BTC-USD-PERP",
    "price": 51872.20724548732,
    "size": 0.03896199289505575,
    "side": "sell",
    "timestamp": 1748035647089,
    "synthetic": true
  },
  {
    "symbol": "BTC-USD-PERP",
    "price": 51865.619376573624,
    "size": 0.2492103872916514,
    "side": "sell",
    "timestamp": 1748035647289,
    "synthetic": true
  },
  {
    "symbol": "BTC-USD-PERP",
    "price": 51870.450211827905,
    "size": 0.026516800361348798,
    "side": "buy",
    "timestamp": 1748035647489,
    "synthetic": true
  },
  {
    "symbol": "BTC-USD-PERP",
    "price": 51864.60215311158,
    "size": 0.062336220733107676,
    "side": "buy",
    "timestamp": 1748035647689,
    "synthetic": true
  },
  {
    "symbol": "BTC-USD-PERP",
    "price": 51854.0357931715,
    "size": 0.18442009263491255,
    "side": "sell",
    "timestamp": 1748035647889,
    "synthetic": true
  },
  {
    "symbol": "BTC-USD-PERP",
    "price": 51846.24092818469,
    "size": 0.4754226364439358,
    "side": "buy",
    "timestamp": 1748035648089,
    "synthetic": true
  },
  {
    "symbol": "BTC-USD-PERP",
    "price": 51854.117221850975,
    "size": 0.026826133685446923,
    "side": "sell",
    "timestamp": 1748035648289,
    "synthetic": true
  },
  {
    "symbol": "BTC-USD-PERP",
    "price": 51861.76136525978,
    "size": 0.031090337973799155,
    "side": "buy",
    "timestamp": 1748035648489,
    "synthetic": true
  },
  {
    "symbol": "BTC-USD-PERP",
    "price": 51860.46056242569,
    "size": 0.01116266634431889,
    "side": "sell",
    "timestamp": 1748035648689,
    "synthetic": true
  },
  {
    "symbol": "BTC-USD-PERP",
    "price": 51852.00332996748,
    "size": 0.001600839135667492,
    "side": "sell",
    "timestamp": 1748035648889,
    "synthetic": true
  },
  {
    "symbol": "BTC-USD-PERP",
    "price": 51850.902887322634,
    "size": 0.09147249762194143,
    "side": "sell",
    "timestamp": 1748035649089,
    "synthetic": true
  },
  {
    "symbol": "BTC-USD-PERP",
    "price": 51850.57393687008,
    "size": 0.09440330848639582,
    "side": "buy",
    "timestamp": 1748035649289,
    "synthetic": true
  },
  {
    "symbol": "BTC-USD-PERP",
    "price": 51848.63318790441,
    "size": 0.29145757867685457,
    "side": "buy",
    "timestamp": 1748035649489,
    "synthetic": true
  },
  {
    "symbol": "BTC-USD-PERP",
    "price": 51848.98446048979,
    "size": 0.044075794053913445,
    "side": "buy",
    "timestamp": 1748035649689,
    "synthetic": true
  },
  {
    "symbol": "BTC-USD-PERP",
    "price": 51845.85568595289,
    "size": 0.0006549296647115361,
    "side": "buy",
    "timestamp": 1748035649889,
    "synthetic": true
  },
  {
    "symbol": "BTC-USD-PERP",
    "price": 51840.60459079558,
    "size": 0.07450628467466004,
    "side": "sell",
    "timestamp": 1748035650089,
    "synthetic": true
  },
  {
    "symbol": "BTC-USD-PERP",
    "price": 51848.91867785706,
    "size": 0.5311549816188713,
    "side": "sell",
    "timestamp": 1748035650289,
    "synthetic": true
  },
  {
    "symbol": "BTC-USD-PERP",
    "price": 51842.375984164304,
    "size": 0.1467388215719834,
    "side": "buy",
    "timestamp": 1748035650489,
    "synthetic": true
  },
  {
    "symbol": "BTC-USD-PERP",
    "price": 51843.416025568935,
    "size": 0.19301667047485205,
    "side": "buy",
    "timestamp": 1748035650689,
    "synthetic": true
  },
  {
    "symbol": "BTC-USD-PERP",
    "price": 51842.17772066545,
    "size": 0.023788581500891078,
    "side": "buy",
    "timestamp": 1748035650889,
    "synthetic": true
  },
  {
    "symbol": "BTC-USD-PERP",
    "price": 51845.573594086396,
    "size": 0.00813709395022544,
    "side": "buy",
    "timestamp": 1748035651089,
    "synthetic": true
  },
  {
    "symbol": "BTC-USD-PERP",
    "price": 51846.982006269456,
    "size": 0.09279943882448899,
    "side": "buy",
    "timestamp": 1748035651289,
    "synthetic": true
  },
  {
    "symbol": "BTC-USD-PERP",
    "price": 51849.02766536978,
    "size": 0.05817996149768754,
    "side": "buy",
    "timestamp": 1748035651489,
    "synthetic": true
  },
  {
    "symbol": "BTC-USD-PERP",
    "price": 51846.39704704667,
    "size": 0.22999972987718614,
    "side": "buy",
    "timestamp": 1748035651689,
    "synthetic": true
  },
  {
    "symbol": "BTC-USD-PERP",
    "price": 51850.5576577918,
    "size": 1.031837129301085,
    "side": "buy",
    "timestamp": 1748035651889,
    "synthetic": true
  },
  {
    "symbol": "BTC-USD-PERP",
    "price": 51846.1150268402,
    "size": 0.10426847810955849,
    "side": "sell",
    "timestamp": 1748035652089,
    "synthetic": true
  },
  {
    "symbol": "BTC-USD-PERP",
    "price": 51852.31480945703,
    "size": 0.1843372229034492,
    "side": "buy",
    "timestamp": 1748035652289,
    "synthetic": true
  },
  {
    "symbol": "BTC-USD-PERP",
    "price": 51847.04127867585,
    "size": 0.08976915553819555,
    "side": "buy",
    "timestamp": 1748035652490,
    "synthetic": true
  },
  {
    "symbol": "BTC-USD-PERP",
    "price": 51852.61144309031,
    "size": 0.02282267226555803,
    "side": "buy",
    "timestamp": 1748035652690,
    "synthetic": true
  },
  {
    "symbol": "BTC-USD-PERP",
    "price": 51851.54964852491,
    "size": 0.03494438364631369,
    "side": "sell",
    "timestamp": 1748035652890,
    "synthetic": true
  },
  {
    "symbol": "BTC-USD-PERP",
    "price": 51849.396218249865,
    "size": 0.12168196962082811,
    "side": "buy",
    "timestamp": 1748035653090,
    "synthetic": true
  },
  {
    "symbol": "BTC-USD-PERP",
    "price": 51846.48002865087,
    "size": 0.20771812430601944,
    "side": "sell",
    "timestamp": 1748035653290,
    "synthetic": true
  },
  {
    "symbol": "BTC-USD-PERP",
    "price": 51848.603006427475,
    "size": 0.009884753105907966,
    "side": "buy",
    "timestamp": 1748035653490,
    "synthetic": true
  },
  {
    "symbol": "BTC-USD-PERP",
    "price": 51843.52128658681,
    "size": 0.2234426822869914,
    "side": "buy",
    "timestamp": 1748035653690,
    "synthetic": true
  },
  {
    "symbol": "BTC-USD-PERP",
    "price": 51841.369540317224,
    "size": 0.281958289719921,
    "side": "sell",
    "timestamp": 1748035653890,
    "synthetic": true
  },
  {
    "symbol": "BTC-USD-PERP",
    "price": 51845.06860388935,
    "size": 0.012711346044180819,
    "side": "buy",
    "timestamp": 1748035654090,
    "synthetic": true
  },
  {
    "symbol": "BTC-USD-PERP",
    "price": 51858.05581882824,
    "size": 0.03213592515459474,
    "side": "buy",
    "timestamp": 1748035654290,
    "synthetic": true
  },
  {
    "symbol": "BTC-USD-PERP",
    "price": 51861.01453885237,
    "size": 0.012925502689234637,
    "side": "buy",
    "timestamp": 1748035654490,
    "synthetic": true
  },
  {
    "symbol": "BTC-USD-PERP",
    "price": 51868.858317053346,
    "size": 0.01774599752226519,
    "side": "buy",
    "timestamp": 1748035654690,
    "synthetic": true
  },
  {
    "symbol": "BTC-USD-PERP",
    "price": 51866.59250584222,
    "size": 0.005696791731054909,
    "side": "buy",
    "timestamp": 1748035654890,
    "synthetic": true
  },
  {
    "symbol": "BTC-USD-PERP",
    "price": 51873.06331107798,
    "size": 0.22086136432559544,
    "side": "buy",
    "timestamp": 1748035655090,
    "synthetic": true
  },
  {
    "symbol": "BTC-USD-PERP",
    "price": 51866.23817129314,
    "size": 0.17728736723330465,
    "side": "buy",
    "timestamp": 1748035655290,
    "synthetic": true
  },
  {
    "symbol": "BTC-USD-PERP",
    "price": 51852.93214149701,
    "size": 0.1422264408342969,
    "side": "buy",
    "timestamp": 1748035655490,
    "synthetic": true
  },
  {
    "symbol": "BTC-USD-PERP",
    "price": 51846.035085272495,
    "size": 0.028508058018103705,
    "side": "sell",
    "timestamp": 1748035655690,
    "synthetic": true
  },
  {
    "symbol": "BTC-USD-PERP",
    "price": 51842.66613440728,
    "size": 0.03312652400188908,
    "side": "buy",
    "timestamp": 1748035655890,
    "synthetic": true
  },
  {
    "symbol": "BTC-USD-PERP",
    "price": 51842.73032071394,
    "size": 0.20337926987894284,
    "side": "sell",
    "timestamp": 1748035656090,
    "synthetic": true
  },
  {
    "symbol": "BTC-USD-PERP",
    "price": 51838.353377295905,
    "size": 0.13793993988074754,
    "side": "sell",
    "timestamp": 1748035656290,
    "synthetic": true
  },
  {
    "symbol": "BTC-USD-PERP",
    "price": 51845.2664113525,
    "size": 0.1334191097399581,
    "side": "sell",
    "timestamp": 1748035656490,
    "synthetic": true
  },
  {
    "symbol": "BTC-USD-PERP",
    "price": 51845.44944240217,
    "size": 0.09598462218634184,
    "side": "sell",
    "timestamp": 1748035656690,
    "synthetic": true
  },
  {
    "symbol": "BTC-USD-PERP",
    "price": 51852.33556510374,
    "size": 0.03175436119198687,
    "side": "buy",
    "timestamp": 1748035656890,
    "synthetic": true
  },
  {
    "symbol": "BTC-USD-PERP",
    "price": 51849.07020994828,
    "size": 0.1434814649479059,
    "side": "sell",
    "timestamp": 1748035657090,
    "synthetic": true
  },
  {
    "symbol": "BTC-USD-PERP",
    "price": 51852.619669421096,
    "size": 0.016731103453370557,
    "side": "sell",
    "timestamp": 1748035657290,
    "synthetic": true
  },
  {
    "symbol": "BTC-USD-PERP",
    "price": 51849.669203524994,
    "size": 0.0038673389523163036,
    "side": "buy",
    "timestamp": 1748035657490,
    "synthetic": true
  },
  {
    "symbol": "BTC-USD-PERP",
    "price": 51843.76314463065,
    "size": 0.24927119141835338,
    "side": "buy",
    "timestamp": 1748035657690,
    "synthetic": true
  },
  {
    "symbol": "BTC-USD-PERP",
    "price": 51854.08686082031,
    "size": 0.034972973581011625,
    "side": "buy",
    "timestamp": 1748035657890,
    "synthetic": true
  },
  {
    "symbol": "BTC-USD-PERP",
    "price": 51845.616959969615,
    "size": 0.17974735552987453,
    "side": "buy",
    "timestamp": 1748035658090,
    "synthetic": true
  },
  {
    "symbol": "BTC-USD-PERP",
    "price": 51850.77741288382,
    "size": 0.2108209003476801,
    "side": "buy",
    "timestamp": 1748035658290,
    "synthetic": true
  },
  {
    "symbol": "BTC-USD-PERP",
    "price": 51855.236258773904,
    "size": 0.02758110740380287,
    "side": "buy",
    "timestamp": 1748035658490,
    "synthetic": true
  },
  {
    "symbol": "BTC-USD-PERP",
    "price": 51858.99818738891,
    "size": 0.012531258345481789,
    "side": "buy",
    "timestamp": 1748035658690,
    "synthetic": true
  },
  {
    "symbol": "BTC-USD-PERP",
    "price": 51855.247623372175,
    "size": 0.015473598766969163,
    "side": "buy",
    "timestamp": 1748035658890,
    "synthetic": true
  },
  {
    "symbol": "BTC-USD-PERP",
    "price": 51856.883280575785,
    "size": 0.04806197983740436,
    "side": "buy",
    "timestamp": 1748035659090,
    "synthetic": true
  },
  {
    "symbol": "BTC-USD-PERP",
    "price": 51858.26884159463,
    "size": 0.038653311558377465,
    "side": "buy",
    "timestamp": 1748035659290,
    "synthetic": true
  },
  {
    "symbol": "BTC-USD-PERP",
    "price": 51860.239471381195,
    "size": 0.08953752855607544,
    "side": "sell",
    "timestamp": 1748035659490,
    "synthetic": true
  },
  {
    "symbol": "BTC-USD-PERP",
    "price": 51867.55562727229,
    "size": 0.019788277913191005,
    "side": "sell",
    "timestamp": 1748035659690,
    "synthetic": true
  },
  {
    "symbol": "BTC-USD-PERP",
    "price": 51869.11412886046,
    "size": 0.19802281745822958,
    "side": "sell",
    "timestamp": 1748035659890,
    "synthetic": true
  },
  {
    "symbol": "BTC-USD-PERP",
    "price": 51874.373821681715,
    "size": 0.17263603526931598,
    "side": "sell",
    "timestamp": 1748035660090,
    "synthetic": true
  },
  {
    "symbol": "BTC-USD-PERP",
    "price": 51877.02231393858,
    "size": 0.07894773686565329,
    "side": "sell",
    "timestamp": 1748035660290,
    "synthetic": true
  },
  {
    "symbol": "BTC-USD-PERP",
    "price": 51877.15272321204,
    "size": 0.03135925987819909,
    "side": "buy",
    "timestamp": 1748035660490,
    "synthetic": true
  },
  {
    "symbol": "BTC-USD-PERP",
    "price": 51872.81646871516,
    "size": 0.17072332505487153,
    "side": "buy",
    "timestamp": 1748035660690,
    "synthetic": true
  },
  {
    "symbol": "BTC-USD-PERP",
    "price": 51870.69342047157,
    "size": 0.01713884040494831,
    "side": "buy",
    "timestamp": 1748035660890,
    "synthetic": true
  },
  {
    "symbol": "BTC-USD-PERP",
    "price": 51875.5197467573,
    "size": 0.013405271351329483,
    "side": "buy",
    "timestamp": 1748035661090,
    "synthetic": true
  },
  {
    "symbol": "BTC-USD-PERP",
    "price": 51879.05697556461,
    "size": 0.07558659052482608,
    "side": "sell",
    "timestamp": 1748035661290,
    "synthetic": true
  },
  {
    "symbol": "BTC-USD-PERP",
    "price": 51870.4655305067,
    "size": 0.18765871134914047,
    "side": "sell",
    "timestamp": 1748035661490,
    "synthetic": true
  },
  {
    "symbol": "BTC-USD-PERP",
    "price": 51860.98812779248,
    "size": 0.024172923375728187,
    "side": "buy",
    "timestamp": 1748035661690,
    "synthetic": true
  },
  {
    "symbol": "BTC-USD-PERP",
    "price": 51865.29569289138,
    "size": 0.11345878046447716,
    "side": "buy",
    "timestamp": 1748035661890,
    "synthetic": true
  },
  {
    "symbol": "BTC-USD-PERP",
    "price": 51864.12588198198,
    "size": 0.08780585747513407,
    "side": "buy",
    "timestamp": 1748035662090,
    "synthetic": true
  },
  {
    "symbol": "BTC-USD-PERP",
    "price": 51861.573777636804,
    "size": 0.030791409265855448,
    "side": "buy",
    "timestamp": 1748035662290,
    "synthetic": true
  },
  {
    "symbol": "BTC-USD-PERP",
    "price": 51865.2951143089,
    "size": 0.026254308755351397,
    "side": "buy",
    "timestamp": 1748035662490,
    "synthetic": true
  },
  {
    "symbol": "BTC-USD-PERP",
    "price": 51867.13135098379,
    "size": 0.05663728918419495,
    "side": "sell",
    "timestamp": 1748035662690,
    "synthetic": true
  },
  {
    "symbol": "BTC-USD-PERP",
    "price": 51870.07915768378,
    "size": 0.04782089078179694,
    "side": "sell",
    "timestamp": 1748035662890,
    "synthetic": true
  },
  {
    "symbol": "BTC-USD-PERP",
    "price": 51867.08207499136,
    "size": 0.04986671604099269,
    "side": "buy",
    "timestamp": 1748035663090,
    "synthetic": true
  },
  {
    "symbol": "BTC-USD-PERP",
    "price": 51872.542529600665,
    "size": 0.22240625696046323,
    "side": "buy",
    "timestamp": 1748035663290,
    "synthetic": true
  },
  {
    "symbol": "BTC-USD-PERP",
    "price": 51871.29495749055,
    "size": 0.014869895485660856,
    "side": "sell",
    "timestamp": 1748035663490,
    "synthetic": true
  },
  {
    "symbol": "BTC-USD-PERP",
    "price": 51870.247726501104,
    "size": 0.01102179971165713,
    "side": "buy",
    "timestamp": 1748035663690,
    "synthetic": true
  },
  {
    "symbol": "BTC-USD-PERP",
    "price": 51869.85517543097,
    "size": 0.13489612446408525,
    "side": "sell",
    "timestamp": 1748035663890,
    "synthetic": true
  },
  {
    "symbol": "BTC-USD-PERP",
    "price": 51876.88589442807,
    "size": 0.1776861690390938,
    "side": "sell",
    "timestamp": 1748035664090,
    "synthetic": true
  },
  {
    "symbol": "BTC-USD-PERP",
    "price": 51870.29191737642,
    "size": 0.026809634771082547,
    "side": "sell",
    "timestamp": 1748035664290,
    "synthetic": true
  },
  {
    "symbol": "BTC-USD-PERP",
    "price": 51868.50854399694,
    "size": 0.01951493230854687,
    "side": "buy",
    "timestamp": 1748035664490,
    "synthetic": true
  },
  {
    "symbol": "BTC-USD-PERP",
    "price": 51865.88515498783,
    "size": 0.00926662753330274,
    "side": "buy",
    "timestamp": 1748035664690,
    "synthetic": true
  },
  {
    "symbol": "BTC-USD-PERP",
    "price": 51871.2476316265,
    "size": 0.08862959363311577,
    "side": "sell",
    "timestamp": 1748035664890,
    "synthetic": true
  },
  {
    "symbol": "BTC-USD-PERP",
    "price": 51869.17615633355,
    "size": 0.11139539162918621,
    "side": "sell",
    "timestamp": 1748035665090,
    "synthetic": true
  },
  {
    "symbol": "BTC-USD-PERP",
    "price": 51866.67710716693,
    "size": 0.07883900142803703,
    "side": "sell",
    "timestamp": 1748035665290,
    "synthetic": true
  },
  {
    "symbol": "BTC-USD-PERP",
    "price": 51866.89715734514,
    "size": 0.031718457484868574,
    "side": "sell",
    "timestamp": 1748035665490,
    "synthetic": true
  },
  {
    "symbol": "BTC-USD-PERP",
    "price": 51866.51131119124,
    "size": 0.1355549030015683,
    "side": "buy",
    "timestamp": 1748035665690,
    "synthetic": true
  },
  {
    "symbol": "BTC-USD-PERP",
    "price": 51866.843697390555,
    "size": 0.22256723835466158,
    "side": "buy",
    "timestamp": 1748035665890,
    "synthetic": true
  },
  {
    "symbol": "BTC-USD-PERP",
    "price": 51865.20022944114,
    "size": 0.048153009276328554,
    "side": "sell",
    "timestamp": 1748035666090,
    "synthetic": true
  },
  {
    "symbol": "BTC-USD-PERP",
    "price": 51871.0088411841,
    "size": 0.3855827861873955,
    "side": "sell",
    "timestamp": 1748035666290,
    "synthetic": true
  },
  {
    "symbol": "BTC-USD-PERP",
    "price": 51870.513422040385,
    "size": 0.1323348297097644,
    "side": "sell",
    "timestamp": 1748035666490,
    "synthetic": true
  },
  {
    "symbol": "BTC-USD-PERP",
    "price": 51867.086512223,
    "size": 0.007471683752173802,
    "side": "sell",
    "timestamp": 1748035666690,
    "synthetic": true
  },
  {
    "symbol": "BTC-USD-PERP",
    "price": 51869.032959144904,
    "size": 0.0935489704380908,
    "side": "buy",
    "timestamp": 1748035666890,
    "synthetic": true
  },
  {
    "symbol": "BTC-USD-PERP",
    "price": 51865.58263345509,
    "size": 0.01603436872424009,
    "side": "sell",
    "timestamp": 1748035667090,
    "synthetic": true
  },
  {
    "symbol": "BTC-USD-PERP",
    "price": 51857.517624211476,
    "size": 0.008026317492271992,
    "side": "sell",
    "timestamp": 1748035667290,
    "synthetic": true
  },
  {
    "symbol": "BTC-USD-PERP",
    "price": 51855.92171391122,
    "size": 0.020467280879356276,
    "side": "buy",
    "timestamp": 1748035667490,
    "synthetic": true
  },
  {
    "symbol": "BTC-USD-PERP",
    "price": 51846.064516469814,
    "size": 0.11710664210005456,
    "side": "sell",
    "timestamp": 1748035667690,
    "synthetic": true
  },
  {
    "symbol": "BTC-USD-PERP",
    "price": 51841.14860968319,
    "size": 0.045159177558368985,
    "side": "sell",
    "timestamp": 1748035667890,
    "synthetic": true
  },
  {
    "symbol": "BTC-USD-PERP",
    "price": 51840.35435745713,
    "size": 0.046479382592238404,
    "side": "buy",
    "timestamp": 1748035668090,
    "synthetic": true
  },
  {
    "symbol": "BTC-USD-PERP",
    "price": 51848.72152493085,
    "size": 0.06853964734234001,
    "side": "sell",
    "timestamp": 1748035668290,
    "synthetic": true
  },
  {
    "symbol": "BTC-USD-PERP",
    "price": 51847.68393552461,
    "size": 0.09477967274090669,
    "side": "buy",
    "timestamp": 1748035668490,
    "synthetic": true
  },
  {
    "symbol": "BTC-USD-PERP",
    "price": 51846.026578783945,
    "size": 0.22948458157927043,
    "side": "sell",
    "timestamp": 1748035668690,
    "synthetic": true
  },
  {
    "symbol": "BTC-USD-PERP",
    "price": 51850.36144563044,
    "size": 0.10353256022351427,
    "side": "sell",
    "timestamp": 1748035668890,
    "synthetic": true
  },
  {
    "symbol": "BTC-USD-PERP",
    "price": 51844.75714950643,
    "size": 0.10690490364804389,
    "side": "sell",
    "timestamp": 1748035669090,
    "synthetic": true
  },
  {
    "symbol": "BTC-USD-PERP",
    "price": 51845.451227494115,
    "size": 0.006935576000140275,
    "side": "sell",
    "timestamp": 1748035669290,
    "synthetic": true
  },
  {
    "symbol": "BTC-USD-PERP",
    "price": 51846.362539679954,
    "size": 0.09989093801067024,
    "side": "buy",
    "timestamp": 1748035669490,
    "synthetic": true
  },
  {
    "symbol": "BTC-USD-PERP",
    "price": 51843.657316153796,
    "size": 0.20512319296160353,
    "side": "buy",
    "timestamp": 1748035669690,
    "synthetic": true
  },
  {
    "symbol": "BTC-USD-PERP",
    "price": 51842.23746457056,
    "size": 0.02407314141525798,
    "side": "buy",
    "timestamp": 1748035669890,
    "synthetic": true
  },
  {
    "symbol": "BTC-USD-PERP",
    "price": 51843.558544820815,
    "size": 0.05228069468443938,
    "side": "buy",
    "timestamp": 1748035670090,
    "synthetic": true
  },
  {
    "symbol": "BTC-USD-PERP",
    "price": 51841.668207749215,
    "size": 0.017804836357847992,
    "side": "sell",
    "timestamp": 1748035670290,
    "synthetic": true
  },
  {
    "symbol": "BTC-USD-PERP",
    "price": 51838.73180403786,
    "size": 0.03584981886215759,
    "side": "sell",
    "timestamp": 1748035670490,
    "synthetic": true
  },
  {
    "symbol": "BTC-USD-PERP",
    "price": 51840.25975830414,
    "size": 0.03698626714132504,
    "side": "sell",
    "timestamp": 1748035670690,
    "synthetic": true
  },
  {
    "symbol": "BTC-USD-PERP",
    "price": 51843.70556666009,
    "size": 0.03242874913428715,
    "side": "sell",
    "timestamp": 1748035670890,
    "synthetic": true
  },
  {
    "symbol": "BTC-USD-PERP",
    "price": 51842.07976660494,
    "size": 0.0918368850869708,
    "side": "buy",
    "timestamp": 1748035671090,
    "synthetic": true
  },
  {
    "symbol": "BTC-USD-PERP",
    "price": 51844.96613010291,
    "size": 0.3344092507924577,
    "side": "sell",
    "timestamp": 1748035671290,
    "synthetic": true
  },
  {
    "symbol": "BTC-USD-PERP",
    "price": 51858.14701658672,
    "size": 0.2030544493127159,
    "side": "buy",
    "timestamp": 1748035671490,
    "synthetic": true
  },
  {
    "symbol": "BTC-USD-PERP",
    "price": 51854.670344233666,
    "size": 0.003774294695864315,
    "side": "sell",
    "timestamp": 1748035671690,
    "synthetic": true
  },
  {
    "symbol": "BTC-USD-PERP",
    "price": 51854.329712782455,
    "size": 0.028965080217465446,
    "side": "buy",
    "timestamp": 1748035671890,
    "synthetic": true
  },
  {
    "symbol": "BTC-USD-PERP",
    "price": 51858.6844400606,
    "size": 0.04188026027743463,
    "side": "sell",
    "timestamp": 1748035672090,
    "synthetic": true
  },
  {
    "symbol": "BTC-USD-PERP",
    "price": 51864.00293110573,
    "size": 0.035110493771357894,
    "side": "sell",
    "timestamp": 1748035672290,
    "synthetic": true
  },
  {
    "symbol": "BTC-USD-PERP",
    "price": 51865.01561856849,
    "size": 0.008029668432205931,
    "side": "buy",
    "timestamp": 1748035672490,
    "synthetic": true
  },
  {
    "symbol": "BTC-USD-PERP",
    "price": 51873.36982732436,
    "size": 0.32065318103760326,
    "side": "sell",
    "timestamp": 1748035672690,
    "synthetic": true
  },
  {
    "symbol": "BTC-USD-PERP",
    "price": 51874.2432018022,
    "size": 0.016777565183330005,
    "side": "sell",
    "timestamp": 1748035672890,
    "synthetic": true
  },
  {
    "symbol": "BTC-USD-PERP",
    "price": 51869.60429834565,
    "size": 0.07588729978687425,
    "side": "sell",
    "timestamp": 1748035673090,
    "synthetic": true
  },
  {
    "symbol": "BTC-USD-PERP",
    "price": 51874.90283397448,
    "size": 0.11322737110825143,
    "side": "buy",
    "timestamp": 1748035673290,
    "synthetic": true
  },
  {
    "symbol": "BTC-USD-PERP",
    "price": 51871.53959649334,
    "size": 0.19764302371749576,
    "side": "sell",
    "timestamp": 1748035673490,
    "synthetic": true
  },
  {
    "symbol": "BTC-USD-PERP",
    "price": 51863.51806322137,
    "size": 0.18566618391448764,
    "side": "sell",
    "timestamp": 1748035673690,
    "synthetic": true
  },
  {
    "symbol": "BTC-USD-PERP",
    "price": 51866.08059245479,
    "size": 0.07631248734219442,
    "side": "buy",
    "timestamp": 1748035673890,
    "synthetic": true
  },
  {
    "symbol": "BTC-USD-PERP",
    "price": 51865.401699659,
    "size": 0.07895895014354336,
    "side": "buy",
    "timestamp": 1748035674090,
    "synthetic": true
  },
  {
    "symbol": "BTC-USD-PERP",
    "price": 51859.06601648055,
    "size": 0.0312654367796124,
    "side": "buy",
    "timestamp": 1748035674290,
    "synthetic": true
  },
  {
    "symbol": "BTC-USD-PERP",
    "price": 51859.90175849351,
    "size": 0.10353535625541957,
    "side": "buy",
    "timestamp": 1748035674490,
    "synthetic": true
  },
  {
    "symbol": "BTC-USD-PERP",
    "price": 51856.799294537086,
    "size": 0.2236137959713531,
    "side": "sell",
    "timestamp": 1748035674690,
    "synthetic": true
  },
  {
    "symbol": "BTC-USD-PERP",
    "price": 51858.44763672398,
    "size": 0.015033117500441765,
    "side": "sell",
    "timestamp": 1748035674890,
    "synthetic": true
  },
  {
    "symbol": "BTC-USD-PERP",
    "price": 51861.36663968415,
    "size": 0.16055434001198365,
    "side": "sell",
    "timestamp": 1748035675090,
    "synthetic": true
  },
  {
    "symbol": "BTC-USD-PERP",
    "price": 51856.13816452516,
    "size": 0.022739588035985255,
    "side": "sell",
    "timestamp": 1748035675290,
    "synthetic": true
  },
  {
    "symbol": "BTC-USD-PERP",
    "price": 51849.45794138308,
    "size": 0.15469239545822472,
    "side": "sell",
    "timestamp": 1748035675490,
    "synthetic": true
  },
  {
    "symbol": "BTC-USD-PERP",
    "price": 51850.03532833927,
    "size": 0.1184733219924699,
    "side": "buy",
    "timestamp": 1748035675690,
    "synthetic": true
  },
  {
    "symbol": "BTC-USD-PERP",
    "price": 51855.76348109572,
    "size": 0.02991089077170919,
    "side": "buy",
    "timestamp": 1748035675890,
    "synthetic": true
  },
  {
    "symbol": "BTC-USD-PERP",
    "price": 51854.23131041333,
    "size": 0.05276672668671785,
    "side": "sell",
    "timestamp": 1748035676090,
    "synthetic": true
  },
  {
    "symbol": "BTC-USD-PERP",
    "price": 51850.5805577891,
    "size": 0.03395583153711804,
    "side": "buy",
    "timestamp": 1748035676290,
    "synthetic": true
  },
  {
    "symbol": "BTC-USD-PERP",
    "price": 51848.761015140255,
    "size": 0.13714172670120647,
    "side": "sell",
    "timestamp": 1748035676490,
    "synthetic": true
  },
  {
    "symbol": "BTC-USD-PERP",
    "price": 51857.86949157679,
    "size": 0.09298092870286896,
    "side": "sell",
    "timestamp": 1748035676690,
    "synthetic": true
  },
  {
    "symbol": "BTC-USD-PERP",
    "price": 51865.132595208925,
    "size": 0.34877869821400564,
    "side": "sell",
    "timestamp": 1748035676890,
    "synthetic": true
  },
  {
    "symbol": "BTC-USD-PERP",
    "price": 51867.419585084055,
    "size": 0.08269276445247724,
    "side": "buy",
    "timestamp": 1748035677090,
    "synthetic": true
  },
  {
    "symbol": "BTC-USD-PERP",
    "price": 51876.51388862728,
    "size": 0.017379918337371594,
    "side": "buy",
    "timestamp": 1748035677290,
    "synthetic": true
  },
  {
    "symbol": "BTC-USD-PERP",
    "price": 51874.37782176901,
    "size": 0.08836498789080172,
    "side": "sell",
    "timestamp": 1748035677490,
    "synthetic": true
  },
  {
    "symbol": "BTC-USD-PERP",
    "price": 51870.3699265758,
    "size": 0.026644916700694257,
    "side": "sell",
    "timestamp": 1748035677690,
    "synthetic": true
  },
  {
    "symbol": "BTC-USD-PERP",
    "price": 51874.44080526007,
    "size": 0.060573257324188216,
    "side": "buy",
    "timestamp": 1748035677890,
    "synthetic": true
  },
  {
    "symbol": "BTC-USD-PERP",
    "price": 51872.907343210245,
    "size": 0.061838327473689836,
    "side": "sell",
    "timestamp": 1748035678090,
    "synthetic": true
  },
  {
    "symbol": "BTC-USD-PERP",
    "price": 51869.20036429049,
    "size": 0.22318250169499315,
    "side": "buy",
    "timestamp": 1748035678290,
    "synthetic": true
  },
  {
    "symbol": "BTC-USD-PERP",
    "price": 51871.95177867059,
    "size": 0.021285727312066387,
    "side": "sell",
    "timestamp": 1748035678490,
    "synthetic": true
  },
  {
    "symbol": "BTC-USD-PERP",
    "price": 51867.91258238541,
    "size": 0.0905687135609446,
    "side": "buy",
    "timestamp": 1748035678690,
    "synthetic": true
  },
  {
    "symbol": "BTC-USD-PERP",
    "price": 51876.736538924684,
    "size": 0.007061638345335544,
    "side": "sell",
    "timestamp": 1748035678890,
    "synthetic": true
  },
  {
    "symbol": "BTC-USD-PERP",
    "price": 51876.46985037146,
    "size": 0.0726237900518059,
    "side": "buy",
    "timestamp": 1748035679090,
    "synthetic": true
  },
  {
    "symbol": "BTC-USD-PERP",
    "price": 51876.0403571373,
    "size": 0.03581905530680827,
    "side": "sell",
    "timestamp": 1748035679290,
    "synthetic": true
  },
  {
    "symbol": "BTC-USD-PERP",
    "price": 51875.30014438954,
    "size": 0.1805265235487695,
    "side": "buy",
    "timestamp": 1748035679490,
    "synthetic": true
  },
  {
    "symbol": "BTC-USD-PERP",
    "price": 51871.21754943752,
    "size": 0.023592050909250088,
    "side": "sell",
    "timestamp": 1748035679690,
    "synthetic": true
  },
  {
    "symbol": "BTC-USD-PERP",
    "price": 51874.071996313505,
    "size": 0.01937342988587865,
    "side": "buy",
    "timestamp": 1748035679890,
    "synthetic": true
  },
  {
    "symbol": "BTC-USD-PERP",
    "price": 51874.69601580499,
    "size": 0.2517241581615469,
    "side": "sell",
    "timestamp": 1748035680090,
    "synthetic": true
  },
  {
    "symbol": "BTC-USD-PERP",
    "price": 51875.52933902,
    "size": 0.03604695102650717,
    "side": "sell",
    "timestamp": 1748035680290,
    "synthetic": true
  },
  {
    "symbol": "BTC-USD-PERP",
    "price": 51879.389660846944,
    "size": 0.01853458561948491,
    "side": "sell",
    "timestamp": 1748035680490,
    "synthetic": true
  },
  {
    "symbol": "BTC-USD-PERP",
    "price": 51883.671638475345,
    "size": 0.01690733546658991,
    "side": "buy",
    "timestamp": 1748035680690,
    "synthetic": true
  },
  {
    "symbol": "BTC-USD-PERP",
    "price": 51880.354116943534,
    "size": 0.21060932186356088,
    "side": "buy",
    "timestamp": 1748035680890,
    "synthetic": true
  },
  {
    "symbol": "BTC-USD-PERP",
    "price": 51874.65242856426,
    "size": 0.09142380666092892,
    "side": "buy",
    "timestamp": 1748035681090,
    "synthetic": true
  },
  {
    "symbol": "BTC-USD-PERP",
    "price": 51868.70410913589,
    "size": 0.08636837711769874,
    "side": "buy",
    "timestamp": 1748035681290,
    "synthetic": true
  },
  {
    "symbol": "BTC-USD-PERP",
    "price": 51875.68393068204,
    "size": 0.03241387196495023,
    "side": "buy",
    "timestamp": 1748035681490,
    "synthetic": true
  },
  {
    "symbol": "BTC-USD-PERP",
    "price": 51864.538667815206,
    "size": 0.024337568970725375,
    "side": "buy",
    "timestamp": 1748035681690,
    "synthetic": true
  },
  {
    "symbol": "BTC-USD-PERP",
    "price": 51870.48256990664,
    "size": 0.16255271980619734,
    "side": "sell",
    "timestamp": 1748035681890,
    "synthetic": true
  },
  {
    "symbol": "BTC-USD-PERP",
    "price": 51871.870425857494,
    "size": 0.055386219017288865,
    "side": "buy",
    "timestamp": 1748035682090,
    "synthetic": true
  },
  {
    "symbol": "BTC-USD-PERP",
    "price": 51874.06954527409,
    "size": 0.01864506941004492,
    "side": "buy",
    "timestamp": 1748035682290,
    "synthetic": true
  },
  {
    "symbol": "BTC-USD-PERP",
    "price": 51870.10574229015,
    "size": 0.17561993133109963,
    "side": "sell",
    "timestamp": 1748035682490,
    "synthetic": true
  },
  {
    "symbol": "BTC-USD-PERP",
    "price": 51868.80718301914,
    "size": 0.07665594785479368,
    "side": "buy",
    "timestamp": 1748035682690,
    "synthetic": true
  },
  {
    "symbol": "BTC-USD-PERP",
    "price": 51875.46487685885,
    "size": 0.07148764872793172,
    "side": "sell",
    "timestamp": 1748035682890,
    "synthetic": true
  },
  {
    "symbol": "BTC-USD-PERP",
    "price": 51882.00919314623,
    "size": 0.13747328513548984,
    "side": "buy",
    "timestamp": 1748035683090,
    "synthetic": true
  },
  {
    "symbol": "BTC-USD-PERP",
    "price": 51881.53704755466,
    "size": 0.12804716650446604,
    "side": "sell",
    "timestamp": 1748035683290,
    "synthetic": true
  },
  {
    "symbol": "BTC-USD-PERP",
    "price": 51879.48361971156,
    "size": 0.3508646307211064,
    "side": "sell",
    "timestamp": 1748035683490,
    "synthetic": true
  },
  {
    "symbol": "BTC-USD-PERP",
    "price": 51878.70384482829,
    "size": 0.23547302780993987,
    "side": "sell",
    "timestamp": 1748035683690,
    "synthetic": true
  },
  {
    "symbol": "BTC-USD-PERP",
    "price": 51884.08845873448,
    "size": 0.2847610750294289,
    "side": "sell",
    "timestamp": 1748035683890,
    "synthetic": true
  },
  {
    "symbol": "BTC-USD-PERP",
    "price": 51879.1742796918,
    "size": 0.03971191801647663,
    "side": "sell",
    "timestamp": 1748035684090,
    "synthetic": true
  },
  {
    "symbol": "BTC-USD-PERP",
    "price": 51879.24218272876,
